4250 5442
852 250 1092 320 ..ry-

104 446 183 510 lalso
206 444 369 508 accusavit.
396 475 438 486 —
464 443 532 506 Nec
562 443 661 505 minus
683 440 723 504 de
746 442 873 506 Alcidae
895 461 1029 524 persona
1051 462 1215 525 perperam
1234 441 1428 526 judicaret).
1464 443 1539 507 Nam
1561 461 1655 526 quum
1678 445 1840 526 Euripides

7 588 8 591 ¹
104 563 237 627 fabulam
260 560 462 624 conscribere
482 559 586 635 vellet,
610 578 690 641 qnae
712 560 744 622 in
765 559 910 624 dramatis
932 562 1059 642 satyrici
1081 562 1181 624 vicem
1204 568 1389 633 sumeretur,
1418 578 1480 622 non
1508 562 1606 640 potuit
1627 561 1701 642 quin
1722 561 1841 624 llercu·

103 681 165 744 lem
186 679 278 743 talem
301 677 493 760 depingeret,
517 675 638 757 qualern
661 694 773 756 reapse
795 677 942 758 depinxit.
971 676 1092 759 Duplex
1114 679 1194 741 enim
1217 677 1367 741 llercules
1389 676 1649 740 internoscendas
1671 684 1733 740 est:
1765 679 1843 740 alter

7 796 8 803 ’
105 798 203 871 fortis,
227 795 349 868 nobilis,
372 810 548 875 generosus
556 818 564 866 ς
594 793 673 856 alter
693 792 852 869 ridiculus,
881 795 1025 871 rusticus,
1057 803 1230 876 satyrorum
1254 795 1372 857 similis.
1405 793 1443 856 Et
1463 794 1547 856 illum
1571 792 1694 874 quidem
1716 802 1841 875 tragoe-

104 913 232 984 diarum,
260 912 342 974 hunc
363 908 531 972 dramatum
554 908 757 991 satyricorum
778 910 950 989 scriptores
971 911 1161 974 tractandum
1184 911 1244 974 sibi
1271 918 1459 973 sumserunt.
1493 908 1548 972 Est
1576 917 1677 972 autem
1706 910 1841 973 Alcestis

103 1033 200 1094 instar
221 1027 365 1092 dramatis
388 1026 523 1107 satyrici.
556 1014 661 1108 ltaque
688 1026 792 1106 inepte
821 1025 952 1090 fecisset
976 1037 1078 1108 poeta,
1110 1027 1137 1090 si
1169 1046 1224 1108 pro
1253 1027 1397 1099 Hercule,
1430 1034 1464 1089 ut
1492 1027 1533 1088 ite
1562 1025 1671 1099 dicam,
1706 1028 1840 1108 satyrico

104 1147 233 1210 alterum
254 1144 339 1207 illum
360 1143 511 1224 tragicum
533 1141 743 1206 substituisset
758 1151 819 1218 aut,
842 1141 923 1224 quod
948 1143 1058 1208 eodern
1081 1144 1171 1216 redit,
1194 1145 1222 1207 si
1243 1144 1314 1206 huic
1333 1142 1502 1206 fabularum
1522 1141 1841 1224 generiobtrusisset,

104 1262 187 1346 quod
208 1263 386 1343 neutiquam
408 1262 438 1325 ei
460 1268 660 1341 competeret.
690 1261 774 1341 llrgo
798 1260 979 1325 Wielandus
1001 1268 1123 1341 poetam
1147 1260 1215 1324 sine
1239 1279 1332 1324 causa
1354 1259 1546 1339 vituperavit.
1578 1258 1757 1339 Quanquam
1780 1274 1841 1320 noa

104 1383 144 1444 ita
166 1380 303 1461 graviter
324 1377 356 1441 id
377 1377 517 1450 tulerim;
547 1379 639 1440 immo
663 1378 803 1442 inscitiae
825 1379 894 1460 ejus
916 1378 1007 1441 facile
1030 1379 1171 1459 ignosco,
1202 1397 1260 1442 nec
1282 1377 1398 1449 dubito,
1428 1378 1501 1458 quin
1528 1377 1622 1457 longe
1650 1376 1740 1439 aliter
1757 1375 1842 1457 judl-

105 1504 207 1561 casset
228 1496 290 1569 ille,
313 1497 340 1559 si
362 1494 504 1558 scholion
524 1494 615 1568 istud,
643 1494 725 1576 quod
754 1493 877 1560 fabulae
899 1502 1025 1560 nostrae
1046 1495 1147 1557 lucem
1170 1493 1292 1558 demum
1316 1493 1421 1566 attulit,
1450 1508 1647 1575 cognoscere
1669 1510 1726 1573 per
1747 1491 1841 1555 fatum

7 1656 9 1659 ψ
105 1630 289 1677 concessum
312 1612 342 1675 ei
364 1610 483 1675 luisset.

229 1767 260 1851 ξ.
288 1767 317 1831 7.
351 1768 449 1831 Venio
482 1785 564 1829 nunc
597 1767 636 1830 ad
665 1766 891 1849 Wagnerum
928 1774 959 1831 ct
992 1765 1256 1845 Eichstadium‚
1292 1787 1421 1850 quorum
1452 1767 1568 1850 judicia
1604 1768 1693 1848 plane
1729 1766 1841 1830 eodem

101 1889 240 1954 redeunt.
263 1887 399 1967 Uterque
422 1886 503 1948 enim
525 1883 665 1947 Alcestin
688 1883 726 1947 ad
750 1901 855 1947 earum
878 1883 1048 1947 fabularum
1072 1902 1172 1966 genus
1195 1885 1349 1949 accedere
1371 1888 1500 1958 censuit,
1525 1903 1612 1967 quas,
1635 1884 1707 1947 inde
1730 1883 1769 1947 ab
1790 1882 1840 1946 lli·

101 2005 183 2071 landi
205 2001 394 2085 temporibus
418 2021 435 2066 a
456 2000 644 2063 nostratibus
659 2018 717 2063 usu
734 2007 887 2080 receptas,
911 1999 1072 2063 dramata
1094 1998 1167 2065 κατ’
1187 1999 1302 2084 ἐξοχὴν
1325 2021 1383 2066 seu
1405 2001 1624 2084 spectacula
1647 2003 1840 2064 recentiores

102 2138 279 2202 nuncupare
302 2119 402 2182 solent
410 2112 446 2192 ²).
468 2116 535 2179 Nec
555 2115 588 2178 in
609 2113 766 2177 Alcestide
789 2115 942 2196 acquievit
963 2114 1167 2190 Eichstadius,
1191 2116 1248 2180 sed
1271 2117 1309 2180 ad
1331 2117 1414 2181 idem
1436 2136 1537 2199 genus
1559 2117 1663 2180 retulit
1684 2116 1839 2197 Euripidis

101 2239 248 2311 bacchas,
284 2235 435 2307 Orestem,
483 2232 670 2313 Iphigeniae,
714 2228 962 2308 Andromachen,
997 2232 1146 2314 Aeschyli
1182 2234 1302 2308 Persas,
1350 2235 1425 2297 alias
1462 2232 1638 2314 hujusmodi
1676 2227 1839 2308 labalas⁸).

100 2357 186 2419 Hanc
214 2362 316 2418 tamen
346 2351 528 2417 sententiam
553 2352 617 2433 jam
643 2349 717 2412 ideo
747 2346 972 2428 reprobandam
995 2348 1137 2421 arbitror,
1174 2351 1256 2432 quod
1289 2350 1425 2414 dramata
1459 2351 1510 2413 illa
1537 2357 1569 2412 ut
1596 2350 1687 2430 plane
1708 2367 1787 2413 nova
1811 2357 1842 2412 et

100 2473 216 2536 nostris
239 2469 361 2533 demum
390 2465 583 2549 temporibus
605 2466 727 2528 inventa
750 2481 856 2544 pamm
879 2464 938 2527 huc
961 2464 1119 2546 quadrant.
1155 2467 1274 2547 Quippe
1302 2467 1461 2531 veteribus
1489 2467 1579 2547 plane
1608 2466 1714 2546 ignota
1743 2474 1840 2539 erant,

100 2588 195 2670 idque
216 2603 279 2650 nou
301 2586 401 2649 solum
424 2583 507 2665 quod
529 2581 568 2646 ad
590 2597 704 2643 nomen
726 2581 841 2652 attinet,
872 2588 906 2642 ut
939 2581 981 2643 ait
1001 2580 1141 2663 Wagner
1163 2581 1182 2644 l.
1205 2583 1236 2656 1.,
1265 2582 1322 2646 sed
1351 2583 1441 2646 etiarn
1475 2580 1558 2663 quod
1581 2581 1619 2643 ad
1641 2582 1739 2662 ipsam
1761 2600 1838 2644 rem.

100 2702 197 2785 laque
218 2702 326 2783 primis
349 2698 508 2771 Alcestidi,
542 2703 685 2779 quantum
708 2713 769 2776 ego
792 2696 889 2775 sapio,
924 2713 992 2757 curn
1021 2695 1083 2757 illis
1112 2698 1320 2760 recentiorum
1350 2698 1534 2778 spectaculis
1557 2696 1636 2761 adeo
1658 2697 1733 2758 nihil
1755 2712 1836 2755 ccm-

101 2837 194 2882 mune
217 2824 274 2893 est,
306 2824 339 2880 ut
368 2822 429 2879 tota
458 2813 645 2895 comparatio
676 2811 792 2874 misere
822 2810 944 2874 vacillet
966 2818 996 2874 et
1018 2810 1179 2875 claudicet.

228 2968 258 3050 ἓ.
281 2966 311 3030 8.
340 2969 394 3032 llis
423 2969 517 3050 igitur
544 2966 649 3028 missis
675 2965 714 3027 ad
744 2972 867 3027 ceteros
889 2984 1067 3048 pergamus,
1101 2971 1154 3050 qui
1182 2968 1221 3031 de
1250 2970 1409 3034 Alcestide
1439 2970 1540 3033 fabula
1568 2966 1736 3032 sententias
1767 2984 1838 3029 suas

101 3094 297 3170 aperuerunt.
330 3084 368 3148 Et
397 3092 430 3148 ut
459 3081 653 3147 Goethium
679 3079 838 3155 reticeam,
873 3082 925 3160 qui
953 3099 1015 3143 non
1045 3090 1107 3145 tam
1135 3085 1278 3157 ostendit,
1313 3086 1412 3167 qualis
1435 3086 1486 3148 sit
1506 3084 1640 3146 Alcestis
1662 3081 1837 3162 Euripidae,

101 3223 192 3287 quam
214 3204 294 3266 viam
317 3208 474 3273 monstrat,
505 3208 565 3281 qua
591 3215 665 3261 vera
690 3195 850 3278 tragoedia
874 3195 1008 3259 evadere
1030 3194 1174 3278 possid),
1214 3201 1252 3264 ad
1280 3200 1522 3263 Hermannum
1550 3207 1675 3261 transeo
1705 3198 1758 3278 qui
1789 3215 1838 3259 se-

102 3318 202 3383 cundo
225 3325 276 3381 aut
296 3318 388 3380 tertio
410 3315 594 3396 tetralogiae
622 3313 693 3376 loco
717 3331 785 3374 eam
808 3319 906 3374 actam
929 3331 1001 3376 esse
1024 3314 1206 3395 opinabatur
1215 3311 1253 3397 ³).
1284 3315 1369 3379 ldem
1398 3316 1438 3380 de
1468 3315 1612 3396 personis
1644 3313 1765 3376 fabulae
1795 3314 1840 3374 sic

98 3430 254 3514 'statuit‘):
284 3431 444 3497 Alcestide
473 3438 603 3511 excepta
630 3429 744 3493 nullam
773 3428 865 3491 talem
887 3446 970 3502 esse,
1005 3431 1127 3511 qualem
1157 3432 1319 3515 tragoedia
1341 3432 1472 3514 flagitem
1506 3432 1650 3496 Herculis
1673 3446 1838 3510 personam

100 3552 207 3632 utique
229 3549 439 3612 necessariam
461 3545 570 3618 videri,
601 3545 634 3606 in
662 3560 721 3624 qua
748 3560 808 3604 uua
835 3540 932 3605 robur
961 3553 1001 3618 et,
1029 3554 1062 3609 ut
1090 3549 1130 3611 ita
1152 3547 1260 3623 dicam,
1290 3566 1404 3612 nervus
1433 3546 1556 3612 fabulae
1585 3551 1745 3626 appareat,
1780 3562 1839 3625 qua

102 3664 227 3749 quidem
250 3664 368 3728 sublata
389 3664 464 3726 nihil
485 3662 546 3724 nisi
567 3659 670 3737 llebile
693 3677 818 3722 carmen
839 3667 981 3736 restaret,
1013 3665 1136 3746 elegiae
1163 3666 1293 3729 similius
1320 3666 1394 3729 illud
1416 3683 1507 3748 quam
1528 3659 1726 3744 tragoediae;
1754 3659 1839 3722 litem

47 3868 49 3871 ι
101 3784 182 3844 inter
203 3780 364 3843 Pheretem
388 3786 419 3841 et
438 3776 603 3841 Admetum
626 3794 643 3837 a
665 3773 826 3854 tragoedia
855 3775 1076 3841 alienissimam
1105 3787 1196 3862 atque
1224 3777 1296 3843 κατ’
1317 3779 1411 3863 εὐχὴν
1441 3783 1648 3860 spectatorum
1671 3774 1839 3839 Athenien·

102 3901 183 3962 sium
205 3898 409 3975 conscriptam
432 3912 515 3967 esse,
539 3892 649 3975 quibus
671 3889 847 3972 hujusmodi
868 3892 955 3955 rixae
979 3903 1009 3957 et
1026 3896 1134 3976 jurgia
1156 3895 1285 3959 mirifice
1307 3897 1337 3959 in
1354 3895 1473 3959 deliciis
1489 3891 1619 3964 fuerint3
1645 3909 1704 3953 nec
1726 3890 1840 3955 deesse

104 4013 235 4085 fabulae,
259 4030 339 4095 quae
361 4008 560 4091 vituperanda
582 4009 655 4071 sint:
691 4008 914 4088 ineptissimum
939 4027 1021 4087 esse,
1052 4011 1136 4092 quod
1157 4010 1307 4075 Admetus
1330 4013 1398 4092 ajat,
1429 4007 1592 4071 deiunctae
1614 4007 1722 4070 uxoris
1745 4007 1839 4069 simu·

103 4130 220 4192 lacrum
242 4124 464 4209 perficiendum
486 4142 596 4187 curare
618 4142 654 4186 se
676 4122 757 4186 velle
780 4122 873 4204 inque
895 4123 1007 4187 lectum
1030 4143 1119 4188 suurn
1131 4126 1275 4208 recipere
1286 4122 1327 4203 ’);
1350 4131 1536 4205 postremam
1549 4142 1683 4199 scenam,
1708 4121 1841 4204 quaein

104 4246 247 4310 Herculis
275 4252 307 4309 et
326 4241 450 4308 Admeti
471 4240 612 4305 diverbio
635 4246 788 4312 cernatur,
819 4239 861 4301 ita
891 4238 1046 4303 dumtaxat
1075 4242 1216 4304 excusari
1237 4258 1332 4321 posse
1341 4233 1377 4317 ⁸),
1406 4246 1439 4302 ut
1460 4239 1648 4321 Euripidem,
1679 4238 1731 4319 qui
1753 4254 1840 4300 mero

104 4362 238 4427 novandi
260 4361 360 4426 studio
390 4361 462 4425 duci
490 4379 527 4424 se
548 4376 658 4440 passus
681 4374 776 4436 saepe
798 4374 816 4419 a
838 4354 1051 4437 superioribus
1073 4356 1253 4429 recesserit,
1283 4353 1449 4420 identidem
1479 4356 1611 4420 inventis
1639 4354 1704 4419 suis
1733 4369 1841 4433 parum

105 4526 490 4537 ...-.-.----.-.-

209 4615 235 4680 1)
255 4616 295 4668 ct.
314 4617 439 4683 Koechly,
458 4619 500 4671 die
518 4618 616 4670 Alcest.
635 4617 681 4669 des
699 4616 762 4669 Eur.
781 4616 823 4668 tn:
851 4615 940 4682 Prutz‚
959 4616 1116 4671 itterarhist.
1136 4617 1283 4671 Trachenb.
1310 4618 1386 4673 1847.
1402 4633 1429 4684 p.
1449 4620 1508 4671 tot.
1535 4643 1569 4652 —
1594 4613 1619 4682 ²)
1639 4614 1695 4668 vlu.
1715 4614 1842 4678 Wagner,

106 4703 139 4756 de
157 4702 255 4756 Alcest.
274 4701 335 4754 itur.
355 4704 496 4756 comment.
516 4702 583 4753 Edit.
604 4700 701 4753 Alcest.
724 4712 752 4763 p.
772 4700 812 4751 11.
838 4726 873 4735 -
899 4695 977 4764 8)1)ι1
996 4701 1079 4755 dram
1098 4700 1205 4755 Graece.
1224 4705 1387 4766 com-satu.
1413 4716 1439 4768 p.
1458 4704 1501 4756 70.
1528 4703 1585 4754 not.
1607 4702 1665 4755 tlt.
1693 4730 1727 4743 -
1754 4696 1779 4760 ‘t
1804 4698 1842 4750 ct.

106 4787 255 4847 Koecbtyus
274 4785 317 4837 in:
335 4782 387 4836 Lit.
406 4784 498 4838 tasch.
515 4785 557 4838 ed.
576 4784 664 4837 Prutz.
685 4784 760 4839 1817.
778 4794 805 4845 p.
823 4784 882 4836 aar.
908 4809 943 4825 -
969 4779 995 4848 a)
1013 4784 1125 4840 blasert.
1144 4786 1232 4840 honi.
1251 4787 1315 4842 edit.
1333 4786 1489 4851 praemissa.
1515 4808 1549 4822 ——
1576 4781 1601 4852 t)
1619 4783 1707 4839 Praei.
1726 4783 1760 4838 at
1774 4781 1840 4836 coit.

106 4871 162 4925 Alc.
183 4871 258 4924 teat.
276 4895 310 4907 -
329 4864 478 4935 1)11)11.ι).
497 4868 537 4921 ltt.
558 4862 717 4935 -⁸)1ttt.
735 4880 760 4934 p.
779 4867 831 4921 llll.
