4250 5442
903 210 1140 286 ..13-

50 384 53 389 Ι
154 411 323 488 uideamur,
345 410 487 492 exempla
508 408 658 494 quaedam
681 408 795 474 afferre
814 407 910 491 jurat,
933 406 1116 490 exquibus,
1141 380 1333 488 quantopere
1345 404 1381 468 V.
1404 404 1440 467 D.
1463 401 1608 468 manuhe
1630 401 1661 465 iu
1682 401 1772 483 pejus
1794 396 1891 465 uexe-

154 529 203 603 rit,
227 526 398 592 luculenter
420 526 588 609 apparebit.

280 666 310 750 ἕ.
333 665 385 732 30.
406 668 457 733 Sic
480 687 508 730 r.
532 686 558 731 c.
581 685 621 733 ne
645 668 673 732 el
697 668 821 752 quidem
845 685 959 732 scenae
980 667 1121 749 pepercit
1137 666 1173 730 V.
1191 667 1245 744 Ch,
1268 665 1320 730 uhi
1342 664 1506 729 Herculem
1528 618 1893 746 perhumaniter'encipit

153 786 314 860 Admetus,
337 804 398 868 qua
420 784 544 867 quidem
566 785 602 865 in
618 802 654 848 re
676 786 834 867 praeclara
856 785 917 862 illa,
945 802 1005 867 qua
1026 784 1116 849 unica
1140 792 1265 848 ornatus
1289 791 1346 857 est,
1369 783 1465 846 virtus
1487 781 1633 855 cernitur,
1656 779 1891 861 hospitalitatem

154 904 224 969 dico
247 912 278 969 et
298 898 523 967 liberalitatem.
537 900 625 995 'Quid
647 920 724 967 vero
746 902 943 985 Koechlpusi
964 901 1011 965 lix
1033 900 1138 966 verhis
1159 900 1284 965 Admeti
1295 897 1336 980 ¹):

554 1110 559 1121 ,
649 1040 748 1120 αὐτὸς
770 1037 802 1107 d’
824 1040 961 1126 ἀρίστου
982 1037 1084 1106 τοῦδε
1104 1042 1253 1121 τυγχάνω
1276 1038 1380 1122 ξένου,

647 1151 791 1241 ὅτανπερ
808 1153 956 1243 Ἄργους
979 1156 1098 1242 διψίαν
1120 1154 1210 1223 ἔλθω
1232 1159 1344 1236 χθόνα

154 1295 282 1376 eihoit²)
310 1317 372 1364 nou
400 1299 605 1382 hospitalitate
633 1301 716 1365 illum
740 1309 925 1366 commotum
949 1300 1114 1382 excepisse
1135 1299 1310 1373 Admetum,
1344 1297 1400 1362 sed
1422 1316 1480 1381 spe
1500 1298 1668 1381 impletum,
1701 1295 1770 1360 fore
1800 1303 1834 1359 ut
1863 1301 1894 1359 et

152 1418 221 1500 ipse
243 1417 371 1498 posthac
393 1416 431 1480 ab
454 1417 588 1482 Hercule
611 1419 790 1500 excipiatur.
814 1416 902 1492 Quod
924 1436 1089 1499 perperam
1108 1417 1278 1499 judicatum
1300 1434 1373 1480 esse
1394 1416 1465 1479 luco
1487 1416 1563 1480 solis
1586 1416 1698 1480 clarius
1722 1422 1779 1492 est,
1803 1421 1833 1476 et
1855 1411 1894 1476 ad

153 1541 275 1616 poetam
299 1532 508 1597 excusandum
530 1535 581 1598 sel
602 1537 703 1618 potins
725 1533 918 1619 purgandum
948 1535 1000 1599 vix
1029 1552 1107 1615 opus
1131 1534 1190 1597 erit
1211 1533 1346 1597 lectores
1369 1531 1406 1595 ad
1428 1532 1626 1596 Homericum
1649 1532 1733 1596 illum
1756 1523 1894 1608 locum³)

154 1651 309 1734 relegare,
337 1650 390 1714 uhi
411 1650 494 1715 idem
516 1651 585 1716 fare
606 1652 727 1734 profert
748 1651 927 1717 Diomedes.
960 1684 1000 1695 -
1031 1651 1200 1733 Pergamus
1223 1650 1261 1713 ad
1284 1650 1352 1714 alia.
1388 1651 1425 1716 Si
1447 1650 1589 1733 Orphei
1611 1668 1684 1713 vox
1707 1655 1741 1711 et
1763 1653 1893 1710 cantus

155 1767 242 1831 mihi
264 1775 497 1849 suppeteret,
529 1769 629 1852 inquit
649 1764 844 1850 Admetus⁴),
878 1768 922 1831 ad
946 1768 1078 1831 Orcum
1102 1766 1372 1832 descenderem
1394 1777 1429 1831 te
1452 1766 1532 1848 (scil
1554 1765 1707 1844 Alcestin)
1730 1763 1893 1827 arcessi·

155 1892 275 1961 turus,
298 1884 417 1948 scillcet
438 1882 622 1968 (interprete
643 1886 816 1969 Koechlyo)
839 1888 867 1949 si
888 1887 957 1968 ipse
980 1884 1055 1949 satis
1078 1892 1159 1948 tutus
1183 1903 1297 1949 essem.
1335 1885 1375 1948 At
1402 1885 1455 1949 uhi
1479 1892 1616 1949 extrema
1638 1883 1716 1948 haec
1738 1881 1769 1944 in
1792 1878 1894 1943 lahula

92 2074 95 2083 y
155 1999 341 2082 Euripiden?
371 2034 405 2045 -
431 2001 641 2067 Mollissimam
662 2004 782 2068 Eumeli
805 2003 973 2087 querelam,
1003 2001 1102 2084 iuquit
1122 1996 1342 2083 Koechlpus⁶),
1374 2001 1524 2065 Admetus
1546 2001 1719 2082 interpellat
1741 1997 1820 2061 duos
1841 1997 1894 2060 tri·

156 2127 273 2183 metros
296 2114 485 2198 insereret),
519 2120 571 2201 qui
590 2121 764 2203 jejuniores
787 2139 859 2184 esse
881 2119 933 2182 vix
955 2124 1095 2200 possunt.
1129 2117 1170 2180 At
1191 2134 1253 2179 non
1275 2118 1316 2180 ita
1334 2119 1434 2201 jejuni
1456 2125 1536 2195 sunt,
1566 2118 1660 2181 immo
1687 2116 1749 2179 hoc
1771 2113 1895 2197 quidem

154 2236 225 2298 loco
248 2252 417 2315 sanequam
439 2236 508 2316 apti.
536 2269 578 2280 -
604 2236 639 2298 ln
667 2238 798 2320 egregio
820 2236 873 2298 illo
897 2234 1044 2310 carmine,
1074 2234 1105 2295 in
1135 2250 1197 2316 quo
1227 2233 1394 2299 Alcestidis
1416 2234 1524 2298 laudes
1548 2233 1753 2306 celebrantur,
1782 2231 1895 2294 chorus

155 2348 282 2431 haec'):
318 2351 353 2416 si
376 2370 506 2414 novam
529 2370 684 2418 uxorem
707 2353 869 2417 duceret
891 2353 1043 2434 conJux,
1079 2348 1219 2429 oppido
1254 2350 1402 2414 invisus
1433 2351 1520 2414 mihi
1550 2349 1653 2414 loret
1681 2347 1895 2429 liberisque

154 2470 236 2533 tuis.
260 2458 298 2531 Et
319 2466 403 2550 quid,
426 2467 515 2546 cedo,
537 2470 732 2552 Koechlyusi
753 2470 871 2551 Nempe
893 2468 1018 2533 Admeti
1040 2469 1216 2534 fidelitatem
1240 2489 1316 2554 erga
1338 2475 1502 2556 conjugem
1524 2474 1555 2536 iu
1578 2472 1786 2553 suspicionem
1808 2473 1898 2532 vocal

156 2585 284 2649 chorum
306 2582 344 2646 de
368 2585 436 2665 eJus
458 2584 520 2647 ilde
543 2584 683 2650 dubitare
706 2604 837 2650 censens
849 2581 884 2664 ⁸).
917 2585 1013 2649 lmruo
1044 2585 1259 2650 antecedentia
1292 2607 1329 2653 ac
1355 2597 1436 2653 totus
1465 2608 1571 2654 rerum
1598 2605 1697 2652 uenus
1725 2586 1898 2651 luculenter

157 2702 268 2766 docent
290 2699 418 2763 chorum
440 2701 514 2765 nihil
536 2702 617 2765 aliud
639 2705 699 2766 nisi
721 2702 752 2766 id
775 2720 882 2786 agere,
906 2709 945 2767 ,ut
975 2704 1154 2766 memoriam
1185 2721 1292 2766 eorum
1314 2704 1453 2779 refricet,
1486 2724 1566 2790 quae
1594 2707 1625 2768 in
1654 2704 1779 2786 dialogo
1811 2710 1896 2765 ante·

157 2835 268 2901 gresso
291 2834 349 2880 rex
370 2817 522 2917 pollicitus
547 2827 602 2896 est,
636 2820 728 2902 eique
750 2820 838 2903 quasi
860 2818 1001 2892 inculcet,
1035 2826 1067 2883 ut
1100 2819 1254 2900 promisso
1284 2820 1453 2884 satisfaciat
1482 2839 1543 2884 ueu
1573 2827 1679 2884 sancto
1711 2837 1768 2883 suo
1791 2817 1893 2881 officio

157 2935 245 2997 desit.
266 2963 308 2974 -
330 2931 391 2997 Sed
413 2951 509 3015 pauca
531 2934 608 2999 hacc
631 2936 772 3018 exempla
790 2937 855 3019 jam
877 2943 1019 3019 arguunt,
1043 2933 1164 3015 opinor,
1188 2934 1475 3020 quodarguendum
1490 2935 1778 3018 eral,Koechlpuru,
1791 2953 1895 3017 quam

156 3049 204 3111 vis
227 3049 383 3130 sagaciter
405 3048 574 3131 disputarit,
607 3060 709 3116 tamen
731 3059 842 3134 poetae
863 3052 960 3115 verha
981 3052 1032 3116 hic
1054 3053 1117 3114 illic
1139 3052 1240 3115 miuus
1262 3062 1348 3118 recte
1370 3055 1601 3136 interpretatum
1633 3071 1716 3130 esse,
1750 3054 1844 3117 immo
1866 3052 1898 3113 in

157 3167 246 3248 pejus
269 3165 451 3231 detorsisse.
473 3167 578 3250 ltaque
601 3169 678 3233 haec
699 3170 858 3233 hactenus.

282 3278 313 3362 §.
336 3277 386 3344 31.
411 3283 585 3366 Koechlyus
607 3286 711 3368 igitur,
734 3285 766 3348 id
789 3284 871 3368 quod
894 3284 1107 3350 antecedentia
1129 3286 1251 3364 docent,
1274 3304 1327 3350 res
1350 3288 1495 3366 comicas,
1518 3307 1593 3370 quas
1616 3288 1647 3351 in
1669 3285 1828 3351 Alcestide
1851 3284 1897 3346 iu·

158 3416 230 3463 esso
253 3396 335 3475 dicit,
366 3400 476 3481 partim
504 3402 571 3482 ipse
593 3404 692 3466 intulit
715 3411 745 3466 et
768 3403 961 3466 extrinsecus
985 3401 1111 3476 addidit,
1144 3401 1226 3465 unde
1249 3401 1290 3475 lit,
1312 3410 1355 3476 ut,
1390 3422 1470 3485 quae
1497 3403 1599 3468 lahula
1629 3411 1700 3467 ante
1730 3400 1838 3464 oculos
1868 3399 1898 3463 ei

157 3513 351 3588 obversatur,
387 3534 424 3577 ea
453 3515 490 3579 ah
513 3517 669 3599 Euripidis
691 3517 780 3582 valde
804 3518 933 3582 differat.
967 3518 1015 3581 Ac
1038 3518 1180 3600 prolecto
1204 3517 1367 3600 idipsum,
1400 3522 1432 3583 in
1460 3539 1522 3603 quo
1551 3521 1639 3604 quasi
1667 3518 1898 3583 fundamentum

156 3628 277 3693 fabulae
300 3630 445 3704 cernitur,
469 3633 603 3714 mythum
626 3633 706 3708 dico,
730 3635 854 3698 minime
877 3635 1039 3710 comicum,
1062 3637 1155 3699 immo
1178 3653 1275 3718 grave
1298 3654 1334 3698 ac
1356 3638 1472 3701 serium
1495 3646 1551 3702 est.
1578 3637 1654 3710 Nec,
1678 3637 1705 3700 si
1727 3636 1823 3699 altera
1845 3633 1898 3697 Al·

157 3743 283 3809 cestidis
312 3762 383 3825 pars
412 3745 450 3808 ad
478 3747 660 3813 hilaritatem
685 3752 854 3833 jocumque
876 3751 1010 3825 inclinat,
1043 3758 1106 3814 tota
1136 3749 1239 3813 fabula
1266 3753 1405 3832 protinus
1428 3752 1589 3817 comoedia
1611 3750 1721 3816 evadit.
1749 3783 1791 3794 -
1820 3748 1899 3824 Ouid

156 3861 257 3926 verni
280 3860 425 3939 (forsitan
437 3863 546 3946 aliquis
561 3862 694 3947 dixerit).
717 3866 826 3931 Nonne
838 3867 1008 3940 comoedia,
1030 3875 1063 3930 ut
1086 3868 1126 3929 ait
1147 3866 1215 3947 ipse
1228 3867 1414 3955 Aristoteles
1424 3865 1460 3949 ⁰),
1484 3870 1644 3950 praviores
1667 3868 1808 3931 homines
1831 3866 1903 3951 imi·¹

155 3978 257 4043 taturi
291 3977 401 4042 Nonne
429 3979 534 4044 itidem
564 4002 672 4048 omnes
701 3983 791 4069 hujus
814 3982 936 4048 lahulae
958 4000 1123 4065 personae,
1153 3983 1312 4047 Alcestide
1335 3992 1473 4066 excepta,
1501 4002 1615 4065 pravae
1644 3992 1715 4047 sunt
1742 3991 1794 4046 aut
1819 3980 1897 4046 adeo

157 4095 312 4179 nequam?
333 4095 442 4160 Nonne
464 4098 557 4179 igitur
580 4099 715 4164 Alcestis
739 4101 900 4165 comoedia
923 4100 992 4165 esti
1015 4132 1056 4145 -
1079 4099 1248 4182 Utrumque
1271 4099 1355 4177 illud,
1386 4100 1468 4183 quod
1491 4102 1590 4182 primo
1615 4110 1645 4165 et
1667 4099 1804 4165 secundo
1827 4099 1898 4161 loco

157 4212 297 4294 posuisti,
322 4229 430 4276 verum
453 4220 509 4286 est,
533 4215 690 4290 concedo;
713 4235 775 4280 non
796 4218 879 4290 item,
904 4216 986 4300 quod
1009 4218 1111 4291 tertio,
1134 4217 1207 4281 iude
1230 4216 1312 4280 elhci
1334 4234 1439 4297 posse,
1462 4226 1495 4281 ut
1506 4218 1642 4282 Alcestis
1666 4215 1827 4282 comoedia
1849 4216 1898 4278 sit.

156 4327 253 4390 Immo
282 4328 378 4391 nihilo
408 4329 507 4411 magis
536 4331 567 4392 in
597 4331 827 4397 comoediarum
854 4351 1018 4397 numerum
1048 4332 1233 4398 ascribenda
1262 4341 1310 4398 est
1332 4352 1422 4415 qnam
1445 4335 1586 4410 Orestes,
1617 4337 1705 4419 cujus
1733 4350 1898 4416 personae,

262 4575 288 4643 1)
315 4579 344 4631 7.
363 4581 422 4634 559.
440 4584 491 4636 560
508 4581 555 4634 Ph.
585 4610 616 4621 -
643 4577 667 4648 ²)
695 4582 724 4634 L.
743 4585 761 4637 l.
781 4597 805 4648 p.
826 4585 876 4639 377
894 4598 968 4652 supr.
997 4613 1029 4626 —
1056 4582 1083 4649 8)
1100 4585 1174 4639 Iliad.
1193 4585 1233 4650 vt,
1252 4587 1312 4639 224.
1331 4587 1391 4641 225.
1418 4612 1453 4622 ·-
1477 4582 1504 4651 ⁴)
1522 4587 1552 4639 v.
1571 4586 1622 4640 357
1639 4596 1697 4650 sqq.
1725 4609 1761 4619 -
1787 4576 1813 4647 ⁵)
1831 4584 1861 4636 L.
1879 4583 1898 4636 l.

157 4679 184 4730 p.
204 4666 255 4718 874
280 4676 353 4729 supr.
379 4691 414 4701 —
439 4661 465 4728 ο)
492 4666 521 4718 v.
539 4667 599 4720 404.
617 4668 667 4721 405
686 4666 733 4719 Ph.
760 4695 795 4705 -
823 4667 847 4733 r)
876 4669 904 4722 t.
924 4672 1088 4725 463-465.
1115 4697 1149 4707 —-
1174 4664 1201 4732 8)
1227 4669 1255 4723 L.
1275 4671 1292 4724 l.
1316 4683 1342 4734 p.
1362 4672 1413 4724 375
1439 4681 1513 4736 supr.
1541 4697 1575 4706 —-
1602 4665 1627 4736 ⁹)
1651 4669 1724 4721 Poet.
1745 4680 1769 4720 o.
1788 4671 1804 4723 5
1822 4667 1897 4721 init:

157 4745 238 4832 nidd
259 4746 416 4833 κωμῳδία
438 4748 536 4833 ἐστὶν,
566 4745 677 4834 ὥσπερ
706 4751 850 4839 εἴπομεν,
883 4757 1045 4839 μίμησις
1073 4756 1326 4843 φαυλοτέρων
1354 4756 1433 4838 μὲν,
1463 4754 1502 4821 od
1531 4757 1644 4838 μέντοι
1673 4753 1757 4820 κατὰ
1786 4756 1898 4819 πᾶσαν

159 4851 283 4930 κακίαν,
307 4848 389 4914 ἀλλὰ
410 4854 472 4914 τοῦ
492 4849 645 4935 αἰσχροῦ,
669 4837 711 4919 αὖ
732 4852 803 4921 ἐστι
824 4858 863 4921 τὸ
883 4859 1010 4938 γελοῖον
1031 4861 1162 4940 μόριον.
