4250 5442
872 234 1109 308 ...10-

124 434 217 500 assei
245 436 311 509 Qua
339 432 378 497 de
399 451 436 497 re
458 431 583 496 fuerunt
604 431 658 513 qui
679 428 780 494 fusius
803 428 996 494 dissererent
1004 425 1040 508 ¹).
1076 427 1138 493 Sed
1160 427 1220 491 boc
1242 425 1364 509 quidem
1386 442 1449 490 non
1470 424 1562 508 hujm
1584 425 1647 489 loci
1669 430 1731 490 ast:
1761 423 1863 489 redeo

123 552 162 617 ad
183 550 350 617 Alcestidis
372 548 547 631 prologum.

249 664 280 749 5.
303 663 364 730 21.
376 666 414 729 Et
435 664 509 729 mihi
531 664 655 748 quidem
677 682 861 748 persuasum
889 670 937 727 est
967 669 1097 727 eventus
1119 658 1362 744 praedictionem
1396 660 1429 721 in
1461 676 1500 721 eo
1522 658 1637 723 inesse.
1669 658 1861 743 Argumento

124 791 195 849 sunt
216 791 317 848 autern
339 780 435 846 rerba
456 780 609 861 Apollinis
630 776 761 860 haeo²):
784 768 806 861 ή
826 779 889 862 μήν
912 781 952 844 σὺ
974 781 1094 846 παύσει
1113 780 1229 862 καίπερ
1252 774 1341 860 ὠμὸς
1363 769 1409 840 δν
1432 769 1524 857 ἄγαν·
1557 770 1563 857 Ι
1601 781 1694 853 τοῖος
1717 776 1864 857 Φέρητος

125 890 190 965 εἶσι
210 900 296 981 πρὸς
318 894 443 977 δόμους
465 893 558 978 ἀνήρ,
599 893 605 974 1
645 893 848 982 Εὐρυσθέως
869 895 1062 980 πέμψαντος
1085 894 1216 960 ἵππειον
1237 895 1319 976 μέτα
1358 888 1363 975 Ι
1405 885 1516 973 ὄχημα
1539 868 1670 975 Θρῄκης
1696 889 1732 956 ἐκ
1751 891 1864 954 τόπων

124 1014 358 1097 δυσκιιμέρων,
388 1011 394 1090 Ι
424 1002 463 1087 ὃς
484 1007 526 1092 δὴ
548 1006 826 1089 ξενωθεὶςτοῖςδ
839 1008 1043 1093 ἐνΑδμήτου
1063 1010 1185 1094 δόμοις
1214 1007 1220 1094 Ι
1245 1011 1303 1091 βία
1324 1013 1460 1091 γυνᾶικα
1481 1005 1579 1088 τήνδε
1593 1002 1626 1072 o'
1647 1005 1866 1093 ἐξαιρήσεται.

124 1132 179 1196 His
206 1129 311 1194 verbis
339 1145 402 1191 non
430 1127 530 1191 solum
561 1126 744 1209 progressio
767 1129 905 1202 actionis,
939 1127 995 1192 sed
1029 1131 1121 1194 etiam
1152 1129 1220 1210 ipsa
1249 1124 1441 1206 catastropha
1470 1123 1634 1189 manifesto
1657 1124 1864 1208 significatur,

125 1267 196 1313 nam
219 1245 341 1310 fabulae
365 1244 465 1307 exitus
487 1243 519 1305 in
541 1260 580 1306 ao
602 1243 749 1317 cernitur,
782 1243 865 1327 quod
895 1243 1046 1311 Hercules
1073 1246 1212 1311 Alcestin
1241 1245 1324 1308 Orco
1355 1251 1491 1325 ereptam
1514 1243 1648 1307 Admeto
1670 1243 1813 1314 restituit,
1834 1241 1867 1305 id

128 1363 212 1450 quod
234 1361 345 1443 Apollo
368 1358 547 1423 vaticinatus
570 1366 627 1423 est.
661 1360 776 1422 'lamen
806 1368 935 1425 eventus
964 1363 1207 1444 praedictionem
1233 1363 1265 1424 in
1293 1359 1399 1425 verbis
1430 1360 1537 1424 inesse
1564 1358 1675 1425 infitias
1704 1360 1759 1423 ivit
1779 1360 1866 1423 Firn·

127 1478 236 1543 haber.
259 1475 360 1542 Verba
382 1477 450 1558 ejus
472 1475 551 1538 haec
573 1470 692 1550 sunt⁸):
727 1476 933 1553 „Hercules
961 1480 1054 1544 wird
1081 1480 1252 1544 hommem
1274 1476 1347 1542 und
1370 1477 1428 1543 dir
1451 1476 1509 1540 die
1531 1476 1698 1542 Alcestis
1721 1477 1867 1542 wieder

129 1596 383 1677 „entreisscn,
418 1601 486 1675 sagt
512 1592 625 1673 Apollo
647 1611 746 1669 awar;
780 1593 857 1659 aber
887 1594 944 1659 der
971 1596 1123 1661 Thanatos
1156 1594 1326 1659 erwicdert
1352 1593 1414 1656 ihm
1443 1592 1568 1657 darauf:
1603 1594 1711 1676 Sprich
1739 1592 1780 1657 du
1809 1611 1868 1659 nau

129 1713 330 1794 „immerhinq
353 1709 394 1774 du
415 1708 547 1772 betreist
568 1710 616 1772 sie
638 1708 736 1784 nicht;
759 1711 809 1773 ich
831 1711 923 1793 gehe,
946 1713 993 1776 sie
1016 1714 1070 1775 mit
1091 1711 1210 1775 diesem
1227 1710 1385 1774 Schwerte
1408 1708 1632 1784 nuberiihrem
1656 1708 1736 1772 damn
1757 1708 1798 1773 ist
1819 1710 1867 1774 aie

130 1831 222 1911 „dem
250 1828 339 1892 Gottc
369 1825 425 1890 der
450 1825 619 1889 Unterwclt
650 1822 829 1906 geweiht⁴).
874 1828 1021 1892 Welches
1051 1829 1142 1892 Wort
1166 1829 1222 1911 gilt
1249 1828 1330 1891 denn
1351 1844 1415 1890 nun
1437 1826 1547 1893 mehri
1580 1827 1667 1891 Doch
1698 1828 1781 1892 wohl
1811 1827 1867 1893 das

128 1951 222 2013 letate
243 1944 307 2009 und
329 1943 383 2007 das
406 1942 462 2006 des
485 1941 667 2016 Stdrheren3
691 1941 741 2005 ittr
762 1944 891 2008 solchen
912 1947 952 2008 ist
973 1945 1048 2009 aber
1071 1945 1317 2027 augenbliclrlich
1335 1944 1556 2008 derThanatos
1570 1947 1762 2019 anzusehen3
1786 1945 1868 2009 dena

129 2063 242 2146 Apollo
264 2060 350 2124 ilicht
371 2076 428 2121 vor
450 2058 527 2131 ihm;
551 2057 610 2121 wic
633 2057 696 2122 will
719 2059 769 2121 ein
792 2057 883 2141 ἀνήρ,
906 2062 966 2126 wic
989 2062 1150 2135 Hercules,
1174 2068 1355 2143 vermdgen,
1379 2079 1444 2124 was
1466 2062 1578 2142 Apollo
1601 2063 1684 2126 nicht
1705 2060 1867 2127 honntei“

130 2216 173 2228 -
194 2180 280 2243 Haec
302 2175 526 2259 argumentatio
548 2192 610 2237 non
631 2185 692 2237 una
714 2175 753 2238 dc
776 2194 869 2241 causa
892 2177 1042 2260 displicet.
1064 2159 1198 2241 Primum
1220 2178 1302 2241 enim
1315 2177 1428 2258 Apollo
1451 2176 1592 2252 discedit,
1614 2197 1676 2241 non
1699 2197 1761 2260 quo
1785 2179 1868 2242 Orco

130 2307 164 2363 ut
184 2293 306 2360 fortiori
329 2291 427 2364 cedat,
451 2289 508 2354 scd
527 2308 568 2353 ne
592 2293 905 2356 mortuorumvicinia
921 2291 1190 2373 contaminetur³).
1214 2293 1259 2358 Cf.
1283 2314 1312 2356 v.
1334 2292 1391 2356 22:
1413 2293 1475 2374 ἐγὼ
1497 2292 1546 2377 δὲ,
1569 2297 1613 2378 μή
1634 2298 1762 2379 μίασμά
1782 2295 1817 2380 μ’
1837 2296 1870 2363 ἐν

130 2414 250 2496 δόμοις
271 2413 359 2493 κιχῇ,
393 2408 492 2472 λείπω
513 2407 691 2489 μελάθρων
711 2405 809 2489 τήνδε
830 2411 989 2495 φιλτάτην
1012 2414 1135 2494 στέγην.
1170 2409 1289 2473 Deinde
1323 2417 1424 2474 autem
1456 2428 1560 2474 nonne
1594 2430 1702 2493 pamm
1730 2413 1799 2477 veri
1821 2421 1869 2477 eat

131 2530 232 2596 simile
253 2526 439 2608 Apollinem,
463 2524 576 2604 quippe
598 2522 690 2586 deum
713 2525 967 2604 potentissimum,
992 2537 1022 2592 et
1044 2546 1115 2592 eum
1139 2547 1179 2590 ex
1201 2527 1334 2608 superis,
1358 2526 1451 2603 Orco,
1474 2545 1566 2610 quem
1590 2548 1630 2592 ex
1644 2527 1702 2593 diis
1719 2531 1868 2594 minomm

132 2648 271 2731 gentium
293 2642 429 2721 ideoque
457 2637 640 2701 inferiorem
675 2637 774 2702 luisse
804 2643 929 2715 scimus,
958 2645 1118 2708 cessisse?
1147 2643 1290 2723 Denique
1317 2642 1492 2722 Apollinem
1525 2652 1627 2706 vatum
1658 2645 1866 2726 haruspicum-

133 2784 194 2848 que
218 2762 309 2825 deum
332 2757 432 2821 fuisse
454 2773 585 2836 eamque
615 2753 654 2817 ob
686 2772 810 2817 causam
837 2756 948 2822 divinis
971 2760 1141 2823 honoribus
1164 2759 1277 2822 cultum
1301 2776 1374 2821 esse
1396 2759 1476 2821 inter
1499 2777 1607 2824 omnes
1630 2771 1758 2826 constat.
1790 2759 1867 2836 Quid

132 2877 249 2964 igitur?
270 2876 381 2939 Nonne
404 2872 472 2955 ejus
495 2870 572 2935 fides
595 2871 768 2935 certissima
791 2881 821 2936 et
843 2876 931 2956 quasi
953 2886 1059 2941 sancta
1081 2876 1222 2940 habenda
1244 2876 1313 2938 est?
1341 2875 1448 2957 ltaque
1475 2884 1559 2957 patet
1580 2879 1676 2943 verba
1697 2881 1755 2944 ista
1777 2878 1869 2961 Apol-

132 2997 204 3060 linis
227 3000 355 3058 eventus
377 2988 620 3072 praedictionem
643 2990 811 3064 continere,
834 3010 937 3073 neque
960 2993 999 3067 id,
1023 3002 1056 3057 ut
1077 2993 1156 3074 apud
1180 2991 1367 3073 Euripidem,
1390 2992 1499 3055 mirum
1522 2993 1687 3076 quidquam
1710 2995 1810 3059 habet.
1833 3027 1871 3041 -·

135 3112 213 3175 Hinc
235 3123 311 3172 vcro
334 3104 552 3187 corrigendum
577 3106 644 3182 erit,
669 3106 955 3187 quodEichstadius
970 3106 1084 3173 docuit.
1106 3110 1135 3172 ls
1160 3110 1241 3172 enim
1264 3115 1394 3190 quatuor
1416 3109 1618 3190 prologorum
1640 3130 1758 3193 genera
1780 3112 1873 3175 inter·

136 3224 295 3292 noscenda
318 3240 390 3287 esse
413 3216 558 3297 statuit⁰).
588 3223 744 3285 Primum
765 3242 866 3305 genus
890 3222 1002 3288 eorum
1021 3233 1078 3302 est,
1110 3225 1221 3308 quibus
1244 3226 1414 3307 principum
1436 3243 1639 3306 personarum
1662 3227 1722 3292 iata
1744 3228 1875 3293 fabulam

137 3359 326 3427 praegressa
349 3346 552 3420 exponuntur.
575 3339 641 3403 Huc
664 3342 821 3421 pertinere
844 3344 885 3405 ait
906 3342 1103 3420 Phoenissae,
1115 3342 1363 3416 Andromachen,
1387 3343 1556 3424 Supplices,
1578 3345 1768 3428 Iphigeniam
1790 3343 1876 3408 Auli-

140 3460 278 3530 densem,
312 3455 502 3529 Heraclidas,
537 3458 702 3521 Herculem
735 3458 898 3534 furentem,
928 3461 1090 3524 Electram.
1126 3461 1295 3524 Alterum
1327 3477 1427 3540 genus
1457 3478 1564 3523 eorum
1589 3468 1645 3536 est,
1682 3461 1792 3542 quibus
1814 3478 1878 3523 non

140 3575 240 3640 solum
261 3592 314 3638 res
337 3581 540 3656 antegressae
564 3583 768 3657 exponantur,
796 3575 853 3640 sed
883 3578 972 3641 eliam
995 3577 1124 3641 actionis
1146 3577 1330 3658 progressio
1353 3576 1444 3639 modo
1468 3577 1640 3649 obscurius
1674 3576 1765 3638 modo
1788 3596 1877 3658 aper·

140 3702 201 3766 tius
224 3695 422 3780 significatur.
457 3695 524 3757 Huc
545 3691 759 3769 Alcestin'),
794 3694 947 3768 Orestem,
978 3695 1088 3758 Jonem
1112 3693 1224 3757 retulit.
1258 3693 1420 3757 Tertium
1443 3711 1543 3777 genus
1572 3680 1628 3757 eos
1656 3693 1878 3774 complectitur,

142 3820 253 3907 quibus
275 3822 399 3899 praeter
421 3822 675 3896 antegressorum
698 3813 1020 3874 commemorationem
1043 3810 1166 3874 fabulae
1189 3811 1290 3873 exitus
1313 3819 1394 3875 tecte
1416 3810 1611 3892 obscureque
1627 3808 1787 3875 indicatur.
1812 3812 1878 3885 Quo

142 3941 300 4027 pertinere
332 3932 508 3997 Eichstadio
543 3930 686 3994 videntur
718 3927 837 4000 Medea,
878 3927 1036 4009 Iphigenia
1070 3927 1207 4000 Taurica,
1236 3928 1384 4004 Bacchae,
1415 3925 1564 3999 Troades,
1605 3924 1731 3989 Helena.
1769 3927 1878 4000 Quar-

143 4067 217 4124 tum
241 4053 375 4134 denique
397 4066 496 4132 genus
520 4065 576 4110 eos
599 4045 830 4128 comprehcndit
855 4046 1015 4126 prologos,
1044 4043 1155 4125 quibus
1177 4062 1231 4108 res
1254 4044 1439 4126 praeteritae
1462 4040 1630 4116 traduntur,
1658 4043 1787 4106 actionis
1808 4058 1879 4122 pro·

144 4174 269 4259 gressio
292 4167 491 4253 significatur,
515 4164 708 4246 catastropha
730 4161 926 4244 praedicitur.
949 4161 1015 4224 Huc
1037 4160 1222 4224 referendas
1245 4178 1317 4224 esse
1340 4162 1382 4224 ait
1402 4159 1558 4224 Hecubam
1582 4169 1612 4223 ει
1626 4160 1881 4242 Hippolytum.—

144 4289 311 4357 Alcestidis
334 4287 428 4369 igitur
450 4283 613 4366 prologum
636 4280 674 4345 ad
697 4279 865 4346 secundum
889 4296 989 4364 genus
1011 4279 1116 4342 retulit
1138 4296 1256 4356 eorum,
1283 4276 1394 4361 quibus
1416 4295 1470 4367 res
1491 4278 1677 4360 praeteritae
1700 4273 1881 4341 electionis

145 4457 530 4477 ....--—-—--—--*-

250 4554 276 4622 1)
294 4557 350 4610 vid.
368 4545 523 4619 Firnbaber,
543 4551 605 4605 edit.
624 4551 680 4615 lph.
699 4550 757 4603 Aul.
776 4547 844 4601 Einl.
863 4561 888 4613 p.
898 4548 964 4600 xvll
972 4558 1028 4612 sqq.
1047 4573 1081 4584 -
1099 4544 1262 4609 elcesaeus,
1281 4545 1314 4598 de
1333 4544 1414 4598 dram.
1434 4544 1526 4598 Graec.
1546 4542 1707 4604 com-satyr.
1726 4553 1752 4605 p.
1772 4542 1806 4596 98
1824 4554 1880 4608 sqq.

146 4677 181 4686 -
198 4640 224 4710 ι)
243 4641 340 4696 Alcest.
359 4653 383 4692 v.
401 4641 435 4692 ol
453 4651 510 4705 sqq.
537 4662 572 4673 -
600 4630 624 4703 ³)
644 4635 697 4699 lph.
717 4634 773 4687 Aul.
799 4633 866 4685 Elnl.
885 4644 912 4696 p.
931 4632 1006 4685 xviii
1022 4632 1091 4686 med.
1118 4659 1152 4668 —
1178 4631 1207 4683 ln
1226 4630 1366 4683 Alcestidis
1390 4630 1502 4695 prologo
1522 4628 1647 4682 eventum
1666 4626 1783 4691 praedici
1800 4627 1883 4690 negat

147 4732 229 4786 etlam
247 4722 590 4789 o.hueltar,1.it.-ceseh.
609 4722 679 4775 lom.
698 4721 724 4772 ι.
742 4732 768 4785 p.
789 4718 848 4773 149.
865 4718 958 4772 annot.
977 4720 1001 4770 υ.
1029 4746 1063 4754 -
1086 4713 1111 4781 ⁴)
1129 4715 1226 4769 Alcest.
1245 4728 1270 4767 v.
1289 4717 1400 4769 72-76.
1431 4741 1465 4750 -
1492 4708 1518 4776 ³)
1535 4713 1571 4767 lte
1589 4713 1638 4764 hac
1656 4711 1883 4766 contaminatione

147 4817 183 4869 ci.
201 4813 311 4877 Becker,
337 4809 485 4863 cbarikles.
512 4808 603 4871 (Prior
621 4805 707 4869 edit).
734 4807 796 4858 Tam
819 4806 844 4857 2.
871 4817 898 4870 p.
910 4804 976 4858 175.
1002 4830 1036 4840 -
1062 4803 1090 4856 c.
1114 4802 1156 4854 l’r.
1179 4800 1322 4866 Hermann,
1349 4799 1548 4863 gottesdlenstl.
1568 4797 1680 4851 Alterth.
1707 4811 1733 4863 p.
1759 4799 1794 4851 ab
1818 4793 1882 4849 inlr.

149 4914 174 4966 p.
196 4901 243 4953 102
261 4909 335 4964 supr.
353 4924 386 4933 —
405 4891 431 4960 ⁰)
449 4894 486 4948 be
505 4893 624 4948 dramate
643 4891 735 4945 draeo.
754 4890 917 4954 com-satyr.
937 4901 963 4953 p.
984 4890 1032 4943 loe
1050 4899 1108 4954 sqq.
1126 4915 1161 4925 —
1181 4883 1204 4953 ¹¹)
1222 4886 1287 4941 ibid.
1306 4884 1399 4938 annot.
1419 4885 1478 4939 153.
