4250 5442
1118 198 1356 273 :.19...

365 402 497 479 excepto
519 392 642 479 Pylade,
666 378 697 459 et
717 393 805 479 ipsae
827 409 942 476 prame
963 400 1043 458 sunt
1071 392 1205 459 Primam
1227 392 1309 459 enim
1332 409 1487 475 personae
1508 391 1580 457 illae
1601 389 1674 457 ideo
1704 390 1896 475 potissimum
1918 409 2006 474 pras

364 511 486 578 bendae
508 520 589 587 sunt,
611 511 683 594 quia
704 511 799 574 nimio
822 511 871 575 sui
892 526 1001 575 amore
1023 510 1197 577 ducuntur..
1213 511 1253 577 At
1274 509 1388 575 ideone
1410 509 1510 574 statim
1532 508 1671 573 comicae
1692 508 1784 573 eunti
1805 508 1930 574 ldinime
1952 527 1994 592 qe

365 647 446 703 nam,
469 637 503 693 ut
523 634 610 693 recle
632 628 673 691 ait
694 625 865 691 Firnbaber
875 621 909 702 ¹),
932 645 973 690 ex
994 625 1163 710 Schleqclii
1175 626 1295 693 uerbis:
1319 628 1398 706 „Die
1419 626 1601 692 hcmischen
1622 627 1781 691 Personam
1802 625 1871 691 sind
1889 644 1987 709 ausqe

365 744 538 830 llqoisteu“
560 761 622 809 non
645 744 785 828 sequitur
808 743 1003 808 econtrario
1026 761 1093 820 eos,
1127 746 1179 829 qui
1202 763 1297 811 caeco
1320 746 1369 811 sui
1390 762 1498 809 amore
1520 743 1679 818 ducantur,
1711 760 1820 808 omncs
1849 761 1924 809 esse
1952 762 2010 826 per

366 864 511 929 comicas.
534 859 673 935 Accedit,
697 858 780 943 quod
802 868 1015 943 argumentum
1037 861 1215 937 Alcestidis,
1244 868 1277 926 ut
1294 862 1359 944 jam
1381 859 1524 941 brimus,
1546 859 1672 943 minime
1695 859 1846 923 comicum
1867 867 1925 923 est.
1957 859 2014 922 lm

365 997 442 1045 uero
465 976 682 1042 desiderantur
704 994 751 1051 ea,
773 976 806 1040 in
828 975 939 1060 quibus
961 980 1087 1061 proprie
1110 978 1302 1052 comoediae,
1323 977 1445 1043 Atticae
1466 976 1661 1059 praesertim,
1683 981 1790 1039 natura
1803 976 1953 1040 cernitur:
1976 974 2015 1039 ia

365 1097 437 1162 illae
459 1094 593 1160 acerbae
615 1101 647 1158 et
669 1086 857 1176 asperiores,
890 1093 1002 1177 quibus
1024 1094 1183 1161 hominum
1204 1095 1277 1160 sitia
1300 1093 1565 1177 perstringentem
1599 1090 1760 1174 praeclusa
1788 1092 1841 1156 illu
1862 1091 2006 1156 dicamas

366 1212 506 1277 breviter
526 1211 659 1294 quisque
682 1217 713 1275 et
734 1211 886 1275 concinne
908 1212 1094 1294 respondet;
1117 1211 1289 1279 sententiae
1311 1210 1383 1275 illae
1404 1217 1512 1275 acutas
1535 1218 1566 1275 et
1587 1210 1754 1288 vibrantes,
1777 1226 1857 1293 quae
1878 1208 1998 1274 veluti

367 1328 557 1412 nequissima
579 1345 721 1410 quaeque
743 1325 884 1408 aiillgunt
906 1335 998 1410 atque
1020 1329 1207 1409 percellunt:
1237 1327 1348 1411 quibus
1377 1327 1519 1392 omnibus
1541 1326 1663 1392 labulac
1685 1326 1934 1409 Aristophaneus
1955 1326 1994 1389 ab
2026 1326 2030 1335 '

368 1453 399 1510 et
420 1444 509 1528 quasi
530 1450 658 1508 scatent.
687 1473 729 1487 —
758 1443 799 1507 At
826 1441 881 1507 ubi
907 1442 967 1509 talc
989 1444 1063 1527 quid
1086 1447 1118 1509 in
1139 1445 1323 1511 Alcestidei
1355 1445 1413 1510 Ubi
1436 1445 1566 1509 mordax
1587 1445 1639 1509 ills
1661 1443 1832 1509 dicacitas?
1864 1443 1922 1508 Ubi
1944 1445 2012 1508 acul

367 1561 538 1627 orationisi
559 1559 617 1624 Ubi
639 1559 765 1625 fulmine
787 1559 977 1625 verboruml
999 1561 1095 1626 lmmo
1117 1579 1272 1644 personae
1294 1561 1373 1627 istae
1394 1561 1571 1639 Alcestidis‚
1592 1568 1626 1625 ιιι
1647 1559 1834 1638 mediocres,
1856 1578 1897 1625 ne
1920 1559 2020 1624 ducam

365 1687 455 1745 cetae
477 1685 558 1757 sunt,
586 1685 646 1741 tam
674 1694 781 1760 parum
809 1678 925 1743 salibus
954 1685 986 1743 et
1016 1677 1136 1743 facetiis
1158 1680 1296 1744 eminent
1315 1687 1440 1762 amque
1462 1678 1542 1743 levia
1565 1686 1597 1743 et
1617 1678 1731 1742 minuta
1753 1678 1869 1760 passim
1889 1677 2021 1742 blatern

364 1795 424 1860 hac
452 1800 605 1876 exparte
633 1792 753 1856 animos
780 1790 968 1857 audientium
999 1793 1124 1858 minime
1153 1803 1356 1876 permoveant
1385 1814 1444 1860 nec
1479 1801 1604 1878 angant
1634 1792 1768 1877 quidem
1806 1792 1915 1876 Neque
1946 1811 1964 1856 a
1996 1811 2014 1875 p

367 1910 499 1977 consilio
521 1909 553 1974 id
575 1908 745 1975 abhorrere
767 1908 932 1992 putandum
955 1917 1013 1988 est,
1040 1917 1075 1975 ut
1103 1912 1156 1993 qui
1189 1920 1259 1993 post
1286 1911 1517 1995 tragoediarum
1539 1910 1737 1975 severitatem
1759 1915 1966 1992 spectatorum
1988 1927 2005 1971 a

366 2046 429 2093 non
451 2027 554 2091 denuo
577 2043 786 2099 commovere,
821 2022 878 2090 sed
901 2027 1018 2090 sensim
1040 2035 1073 2091 et
1093 2027 1248 2109 paullatim
1271 2027 1410 2092 delenire
1433 2034 1464 2091 et
1491 2026 1530 2090 ad
1556 2025 1803 2108 tranquillitatem
1832 2042 1983 2089 revocare
2005 2046 2023 2085 v

367 2142 456 2219 Quod
479 2144 549 2226 quia
572 2161 631 2206 nec
653 2140 814 2224 tragoedia
836 2160 896 2204 nec
917 2142 1079 2206 comoedia
1103 2143 1271 2218 effecisset,
1294 2144 1427 2209 fabulam
1451 2144 1634 2226 composuit,
1657 2160 1737 2225 quae
1758 2143 1840 2206 inter
1861 2149 2035 2224 utramquel

367 2260 451 2326 dium
472 2258 626 2342 quoddam
648 2265 778 2323 teneret
801 2288 843 2304 -
865 2257 925 2323 Sed
948 2259 1022 2324 illue
1043 2268 1196 2326 revertor.
1232 2262 1333 2337 Ouidi
1365 2260 1448 2345 quod
1476 2279 1514 2325 ea
1541 2261 1609 2342 ipsa
1631 2276 1736 2336 scena,
1765 2277 1845 2342 quae
1874 2259 1975 2341 paullo
1997 2277 2025 2323 ss

368 2384 417 2441 est
438 2376 517 2454 [eam
541 2375 622 2452 dioc,
643 2374 698 2437 ubi
719 2374 835 2438 Pheres
858 2382 890 2438 el
905 2375 1054 2440 Admetus
1077 2377 1158 2441 inter
1179 2397 1216 2442 se
1238 2378 1446 2457 altercantur],
1468 2395 1487 2442 a
1509 2374 1671 2441 comoedia
1692 2373 1799 2439 hercle
1820 2374 1981 2458 plurimum
1996 2373 2026 2437 d’

368 2491 400 2555 id
423 2490 505 2574 quod
528 2491 602 2554 satis
625 2490 727 2572 arguit
747 2489 925 2564 similitudo,
955 2510 1014 2574 qua
1044 2491 1083 2555 ad
1111 2493 1238 2558 aliarum
1268 2494 1499 2579 tragoediarum
1528 2491 1704 2576 huiusmodi
1725 2509 1837 2558 scenas
1859 2509 1958 2574 prope
1978 2511 2030 2557 ao

369 2606 458 2683 Quod
480 2624 557 2670 vero
579 2606 617 2670 ad
641 2606 766 2670 alteram
788 2605 870 2669 illam
893 2625 1016 2672 scenam
1040 2611 1155 2687 attinet,
1184 2610 1238 2675 ubi
1264 2613 1415 2676 Hercules
1445 2612 1586 2677 Alcestin
1615 2611 1680 2675 rica
1711 2610 1839 2674 velatam
1862 2611 1988 2694 conjugi
2008 2618 2031 2673 t.

368 2742 448 2807 quae
471 2724 595 2807 quidem
617 2741 713 2788 scena
735 2723 927 2788 comoediam
950 2725 1177 2808 quodammodo
1199 2726 1322 2792 redolet
1331 2723 1369 2809 ¹),
1392 2744 1432 2791 ιι
1453 2735 1517 2791 tum
1540 2726 1663 2810 quidem
1682 2726 1891 2809 Aristophane
1909 2728 2002 2812 digne

368 2841 459 2915 bitur,
483 2843 511 2904 si
532 2842 698 2905 Herculem
719 2859 776 2921 par
797 2842 865 2922 pari
887 2841 1032 2905 retulisse
1056 2861 1127 2907 ιιιιι
1137 2839 1332 2926 Koechlpo³)
1355 2844 1563 2918 statuerimus,
1586 2844 1657 2927 quia
1671 2844 1723 2907 vix
1736 2842 1864 2919 facetiis
1873 2846 1948 2910 satis
1959 2843 2029 2910 ads

369 2963 431 3033 aut,
462 2963 496 3020 ut
516 2957 632 3020 rectius
655 2955 764 3033 dicam,
792 2958 878 3039 justo
896 2957 1037 3040 Jejunior
1057 2966 1114 3023 est.
1139 2960 1223 3035 Quae
1246 2978 1339 3043 quum
1361 2961 1403 3024 ita
1424 2961 1496 3038 siut,
1517 2959 1593 3023 nihil
1613 2960 1806 3043 relinquitur,
1834 2962 1895 3026 nisi
1916 2970 1950 3027 ut
1970 2962 2036 3028 Alei

368 3073 562 3139 comoediam
585 3092 658 3138 esse
681 3091 843 3157 negemus.

496 3189 527 3272 ἓ.
549 3189 601 3255 32.
622 3191 736 3267 Restat,
766 3199 800 3255 ul
820 3209 918 3274 pauca
940 3190 979 3255 de
1002 3191 1039 3254 iis
1061 3190 1253 3274 adjiciamus,
1284 3195 1337 3278 qui
1358 3193 1498 3259 Alcestin
1527 3193 1631 3257 drama
1659 3192 1824 3274 satyricum
1847 3212 1920 3259 esse
1943 3197 2036 3257 oum?

367 3310 471 3393 singio
493 3308 631 3373 arbitrati
653 3316 732 3373 sunt.
766 3309 852 3384 Quae
881 3308 1033 3373 sententia
1059 3327 1150 3391 quam
1174 3309 1251 3374 falsa
1274 3313 1323 3386 sit,
1353 3331 1423 3376 cum
1452 3312 1525 3375 olim
1553 3310 1725 3374 docuerunt
1751 3309 1954 3392 spanhemius
1978 3313 2036 3375 etl

367 3421 462 3505 lius⁴)
484 3433 547 3490 lum
569 3443 627 3507 per
649 3443 685 3489 se
708 3424 801 3488 facile
817 3424 1006 3507 intelligitur.
1030 3424 1208 3507 Quanquam
1232 3428 1314 3490 enirn
1336 3427 1368 3491 in
1386 3428 1525 3492 Alcestin
1548 3425 1662 3490 eadere
1678 3425 1808 3500 videtur,
1832 3426 1915 3510 quod
1933 3428 2036 3492 Demal

370 3539 458 3621 ait⁵),
489 3543 594 3607 drama
617 3543 784 3625 satyricum
806 3560 878 3607 asse
900 3540 1086 3623 παίζουσαι
1107 3541 1307 3627 τραγῳδίαι,
1341 3552 1446 3608 ιιιιιι
1474 3552 1576 3608 tamen
1603 3542 1801 3625 refragantur
1823 3544 1935 3607 omnia.
1969 3545 2003 3608 ld
2027 3567 2035 3610 ι

371 3660 470 3740 primo
492 3661 593 3724 statim
616 3659 723 3725 obtutu
746 3667 882 3742 apparet,
905 3660 933 3723 si
955 3661 1024 3742 quis
1047 3680 1075 3723 ι.
1100 3679 1127 3723 ι.
1151 3680 1219 3724 eum
1243 3661 1377 3743 Cyclope
1391 3661 1530 3726 Alcestin
1552 3678 1732 3742 comparare
1755 3661 1837 3725 velit.
1859 3694 1902 3706 -
1924 3664 2035 3737 Quae·

371 3784 403 3840 at
423 3776 530 3859 quales
558 3785 629 3841 sunt
657 3794 828 3859 personae,
857 3776 1038 3858 quibuscum
1068 3776 1236 3843 dramatum
1264 3780 1469 3860 satyricorum
1499 3777 1702 3860 scriptoribus
1729 3796 1783 3842 res
1806 3779 1875 3842 esti
1910 3778 2035 3843 Bacchas

370 3893 491 3974 opinor,
525 3893 635 3975 Satyri,
667 3892 772 3970 Sileni,
787 3948 791 3953 .
804 3900 890 3956 vasta
920 3901 950 3957 et
977 3894 1120 3958 immania
1142 3901 1289 3968 monstra,
1324 3895 1434 3979 quibus
1464 3895 1640 3960 homunculi
1669 3894 1792 3978 quidam
1820 3895 1900 3961 vafri
1927 3904 2035 3961 versut

369 4009 460 4074 ludos
483 4027 660 4094 suggerere
681 4010 814 4090 student,
846 4019 876 4076 at
898 4029 978 4095 quae
1000 4013 1059 4076 alia
1081 4011 1257 4094 hujusmodi
1279 4020 1358 4076 sunt.
1394 4012 1455 4079 Sed
1477 4012 1561 4095 quid,
1584 4030 1713 4095 quaeso,
1743 4013 1854 4077 horum
1875 4015 1907 4078 in
1929 4014 2034 4078 Alcest

369 4127 429 4191 nisi
452 4128 522 4211 quis
544 4128 708 4193 llerculem
729 4129 790 4193 huc
809 4129 936 4194 trahere
957 4131 1041 4206 velit,
1064 4148 1157 4212 quem
1178 4130 1250 4194 huic
1273 4129 1443 4194 fabularum
1465 4131 1578 4213 generi
1598 4131 1788 4211 aptissimum
1811 4131 1950 4213 hancque
1974 4130 2013 4195 cb

471 4327 497 4394 1)
516 4331 647 4385 zeitschr.
665 4332 712 4385 ιιι·
729 4332 780 4385 Alt.
802 4332 876 4386 isat.
894 4344 920 4396 p.
939 4334 988 4386 ιιι
1007 4342 1081 4396 supr.
1107 4359 1141 4368 -
1158 4326 1184 4396 2)
1201 4331 1239 4386 lle
1257 4334 1327 4388 hauc
1345 4334 1451 4399 quidem
1469 4344 1576 4385 scenam
1594 4345 1610 4386 a
1629 4333 1769 4398 tragoedia
1786 4332 1901 4385 alienam
1920 4345 1980 4387 esse
1998 4347 2035 4389 ιιι

369 4415 409 4468 ιιι
425 4416 581 4470 ιιιιιιιιιιιι.
607 4416 664 4471 ιιι.
691 4416 819 4470 zeitschr.
847 4416 892 4470 ιιι·
910 4418 961 4470 stt.
982 4419 1055 4471 1837.
1074 4430 1101 4483 p.
1119 4419 1171 4470 420
1189 4418 1253 4471 inlr.
1280 4443 1315 4456 —
1341 4418 1595 4482 verdaehtigungen
1614 4418 1676 4471 Eur.
1695 4418 1776 4471 verse
1795 4417 1846 4471 etc.
1875 4431 1901 4483 p.
1921 4420 1954 4470 26
1978 4432 2035 4483 supr

368 4499 469 4553 Conna
486 4500 655 4566 schlegellus
674 4498 754 4567 (uber
773 4501 884 4554 dramat.
903 4501 991 4555 Kunst
1008 4503 1064 4556 und
1082 4501 1165 4554 Liter.
1184 4501 1229 4556 ltu.
1251 4505 1274 4556 l.
1292 4517 1317 4569 p.
1336 4503 1415 4566 alm:
1442 4503 1570 4557 Hercules
1594 4504 1668 4568 zeigt
1692 4504 1749 4556 sich
1772 4503 1888 4568 anianus
1916 4504 1981 4558 derb
1999 4506 2034 4558 bia

367 4584 482 4639 llohhelt
505 4586 561 4639 und
585 4589 642 4640 erst
666 4586 784 4640 nachher
807 4586 881 4639 edler
899 4586 955 4639 und
972 4587 1062 4640 seiner
1080 4587 1194 4652 wllrdig,
1221 4587 1360 4641 endllch
1379 4587 1503 4641 wieder
1518 4588 1723 4654 jovialisch,
1751 4588 1784 4641 da
1809 4601 1839 4642 er
1864 4590 1912 4643 mit
1936 4591 2033 4644 demA

365 4670 461 4724 selaeu
479 4672 576 4725 Schera
595 4671 687 4737 ιιιιιιι,
705 4670 761 4724 und
777 4671 831 4723 ihm
849 4671 924 4725 aeine
941 4673 1134 4727 verschleierte
1153 4671 1242 4726 θιιιιι
1261 4673 1301 4725 als
1319 4673 1380 4726 eine
1397 4684 1468 4725 neue
1486 4672 1568 4725 Braut
1586 4672 1704 4726 zulllhrt.
1732 4700 1766 4709 —
1794 4668 1820 4739 ⁸)
1847 4673 1877 4728 L.
1895 4678 1913 4728 l.
1933 4688 1958 4739 p.
1978 4676 2028 4728 384

365 4754 435 4809 med.
463 4781 498 4792 ·-
523 4751 550 4819 ⁴)
575 4756 614 4810 cl.
632 4766 707 4821 supr.
726 4755 790 4820 cap.
808 4755 828 4809 l.
847 4755 873 4818 A.
890 4757 916 4810 5.
944 4782 978 4794 -
1006 4751 1033 4821 ⁶)
1058 4757 1096 4810 Ιιι
1114 4757 1215 4812 docnt.
1233 4758 1260 4821 t.
1281 4759 1339 4811 ιιι.
1358 4769 1386 4822 p.
1405 4759 1439 4813 70
1456 4757 1499 4811 ed.
1517 4757 1641 4811 schneid.
1668 4782 1701 4794 ·-
1728 4758 1764 4812 ιι.
1790 4759 1951 4825 Eichstnadt,
1970 4759 2003 4813 ιι
2021 4759 2034 4811 ι

367 4836 475 4893 Graeco.
494 4842 683 4904 com-satyris.
702 4852 728 4905 p.
747 4842 790 4894 to.
809 4842 865 4893 not.
886 4841 944 4896 ιιι.
962 4866 996 4877 -
1015 4840 1042 4894 0.
1062 4843 1166 4909 ιιιιιιι,
1185 4841 1341 4898 basecath.
1360 4842 1407 4896 ltu.
1425 4844 1450 4895 ι.
1468 4845 1549 4908 psa.

1769 4936 1815 5007 3.
