4250 5442
889 237 1131 311 ...8-

138 434 251 510 genter
273 426 442 491 cavendum
465 436 523 505 est,
546 445 586 491 ne
608 445 774 509 personam
796 431 944 512 tragicam
966 435 1109 516 pejorem
1132 432 1248 512 reddat,
1279 451 1369 517 quarn
1391 451 1450 498 nos
1470 433 1612 498 homines
1636 452 1709 499 esse
1731 435 1879 500 solemus.

137 542 392 621 Immenosum,
422 552 455 607 ut
475 545 517 607 ita
540 543 649 621 dicam,
680 544 797 609 tarinae
821 566 893 612 esse
916 541 1019 626 debet,
1047 550 1088 613 ita
1117 557 1150 613 ut
1178 549 1269 613 nobis
1292 558 1344 614 aut
1364 551 1502 633 aequalis
1524 558 1576 614 aut
1597 558 1682 615 certe
1705 551 1813 615 similis
1835 553 1880 615 vi·

138 659 246 723 deatur
258 656 290 735 ¹).
315 659 394 734 Quid
417 660 482 723 itai
504 661 623 742 Quippe
645 661 728 742 quod
751 681 791 725 ex
812 661 871 727 hac
893 664 1016 731 demum
1039 667 1224 749 aequalitate
1235 667 1287 730 vel
1298 667 1507 744 similitudine,
1531 685 1590 750 qua
1614 667 1643 730 ei
1660 667 1744 731 velut
1757 669 1880 750 cognati

138 794 210 840 esse
233 776 323 840 nobis
346 776 496 854 videmur,
519 779 655 840 nascitur
677 786 786 857 metus,
811 799 850 844 nc
872 781 953 845 idem
976 783 1066 845 nobis
1090 782 1233 847 accidere
1255 785 1354 865 possit
1375 782 1458 866 quod
1481 784 1534 846 illi.
1557 783 1614 847 llic
1636 783 1770 866 denique
1789 784 1881 847 timor

138 894 226 975 quasi
249 912 362 976 parens
386 901 434 956 est
456 894 699 972 misericordiae,
723 915 814 978 quam
839 899 1046 964 commovisse
1069 919 1187 963 summa
1209 900 1391 984 tragoediae
1413 901 1480 964 laus
1504 896 1597 980 est²).

263 1029 292 1112 §.
317 1028 366 1094 to.
389 1033 456 1096 Jam
479 1034 620 1115 quaestio
644 1035 779 1098 exsistit:
803 1055 874 1101 num
896 1039 944 1102 his
967 1043 1143 1123 praeceptis
1162 1042 1349 1106 Aristoteliis
1368 1040 1492 1105 Admeti
1513 1059 1648 1122 persona
1670 1041 1880 1124 respondeatl

137 1149 218 1212 Vitio
241 1156 342 1212 autem
365 1149 395 1212 ei
417 1149 565 1214 vertenda
588 1159 645 1229 est,
673 1152 929 1233 quemadmodum
958 1157 1069 1220 iterum
1098 1176 1134 1220 ac
1156 1157 1280 1239 saepius
1303 1156 1375 1234 dixi,
1404 1158 1536 1239 ignavia.
1572 1157 1650 1233 Quid
1674 1158 1772 1221 verul
1801 1159 1879 1222 Num
1908 1218 1912 1223 .

138 1268 176 1343 is,
200 1267 252 1348 qui
273 1267 357 1330 lento
379 1274 506 1348 pectore
535 1268 726 1349 praeclaram
749 1289 879 1334 uxorem
901 1272 1014 1354 prodit,
1044 1275 1163 1338 scilicet
1190 1282 1223 1338 ut
1244 1292 1279 1337 se
1302 1282 1417 1351 servet,
1446 1292 1508 1337 neu
1536 1275 1605 1355 ipse
1634 1293 1675 1337 ex
1699 1275 1760 1338 vita
1788 1292 1879 1356 egre·

140 1382 248 1460 diatur,
271 1401 458 1464 perpurum
481 1391 586 1466 putum
610 1403 751 1449 errorem
773 1388 1006 1471 labiputandus
1030 1390 1101 1455 esti
1129 1391 1188 1452 Vix
1210 1390 1316 1453 credo.
1338 1390 1434 1452 lmmo
1456 1398 1569 1454 tantum
1592 1390 1681 1454 abest
1702 1397 1736 1453 ιιι
1757 1391 1880 1473 ignavia
1999 1368 2002 1372 Δ

138 1503 196 1566 ista
218 1520 274 1584 pro
298 1520 385 1566 mero
407 1509 535 1584 peccato
557 1502 699 1568 habenda
722 1506 770 1582 sit,
800 1515 833 1569 ut
861 1515 1002 1589 tanquam
1032 1516 1102 1572 nota
1134 1509 1165 1570 in
1193 1526 1284 1571 omne
1316 1515 1437 1589 tempus
1466 1507 1582 1571 homini
1610 1508 1711 1572 inusta
1740 1526 1810 1571 cum
1840 1526 1879 1571 co

139 1619 223 1682 velut
250 1618 404 1682 coaluisse
436 1617 575 1682 videatur
606 1638 650 1709 ac
671 1630 821 1703 perpetua
851 1631 881 1687 et
902 1624 1089 1706 sempiterna
1111 1624 1182 1688 labe
1205 1643 1275 1688 eum
1297 1623 1418 1687 afficiat.
1449 1623 1555 1706 ltaque
1582 1641 1645 1687 non
1674 1624 1880 1707 temporarius

139 1737 233 1801 animi
255 1744 355 1800 motus
378 1734 502 1800 Admeti
523 1737 646 1819 ignavia
669 1747 725 1816 est,
749 1739 805 1804 sed
827 1722 862 1804 in
882 1742 1023 1806 medullis
1048 1743 1116 1823 ejus
1140 1749 1170 1804 et
1192 1740 1365 1804 visceribus
1388 1741 1511 1814 baeret;
1534 1757 1596 1804 non
1619 1741 1718 1805 semel
1741 1740 1879 1804 misellus

139 1855 231 1917 homo
255 1856 301 1916 sic
322 1854 470 1935 peccavit,
498 1853 565 1931 sed,
595 1856 622 1918 si
652 1874 705 1918 res
727 1857 768 1920 ita
792 1857 898 1936 terret,
921 1860 1031 1922 iterum
1054 1876 1090 1920 ac
1112 1858 1204 1920 tertio
1225 1856 1308 1918 idem
1326 1855 1530 1937 delinqueret.
1561 1856 1647 1932 Nam,
1676 1864 1710 1919 ut
1729 1863 1817 1919 recte
1840 1856 1881 1921 att

139 1966 358 2052 Koechlyus³),
382 1988 468 2034 mero
492 1971 572 2034 vitae
594 1990 700 2035 amore
723 1984 876 2051 moretum
911 1985 1015 2040 cetera
1039 1975 1195 2055 postponit
1217 1974 1327 2036 onmia.
1357 2007 1400 2017 -
1428 1971 1538 2035 Nonne
1560 1972 1655 2053 igitur
1677 1973 1714 2048 is,
1744 1973 1879 2055 quitum

141 2087 322 2153 foedissima
344 2088 462 2150 macula
485 2088 706 2153 contaminatus
730 2098 785 2163 est,
817 2091 910 2155 homo
932 2109 1045 2174 pravus
1068 2088 1228 2152 habendus
1253 2089 1331 2152 eritl
1366 2091 1457 2152 Certe
1480 2089 1526 2151 sic
1548 2095 1683 2151 statuunt
1705 2088 1825 2163 Graeci,
1848 2088 1880 2150 in

140 2224 271 2289 quorum
294 2222 441 2268 sermone
463 2222 524 2266 vox
546 2206 641 2267 κακία
663 2224 703 2268 ex
725 2225 797 2270 asse
819 2208 990 2289 respondet
1011 2206 1186 2269 Latinorum
1210 2206 1369 2286 ignavia.
1392 2204 1477 2284 Ergo
1500 2205 1622 2284 ignavia
1645 2212 1693 2267 est
1713 2206 1820 2267 κακία.
1838 2235 1879 2249 -

139 2323 206 2385 Jam
228 2339 306 2384 vero
329 2339 434 2383 aurem
458 2320 581 2384 vellicat
602 2322 779 2404 Stagirites:
810 2320 882 2387 ἔστι
908 2329 1062 2398 τοιοῦτος
1090 2320 1170 2403 (scil.
1192 2321 1372 2405 τραγικός),
1401 2321 1507 2401 iuquit,
1537 2318 1557 2382 ὁ
1583 2319 1627 2403 μὴ
1657 2317 1717 2384 διὰ
1744 2323 1879 2385 κακίαν

138 2438 349 2522 μεταβάλλων
372 2436 421 2519 εἰς
440 2435 627 2515 δυστυχίαν.
649 2437 758 2502 lncidit
780 2447 881 2502 autem
903 2439 1053 2503 Admetus
1078 2440 1109 2502 in
1131 2440 1332 2502 calamitatem
1355 2444 1482 2518 propter
1503 2438 1633 2512 κακίυν;
1657 2455 1735 2518 ergo
1758 2438 1877 2501 miscri-

139 2554 277 2618 cordiam
300 2560 472 2617 commovet
494 2553 616 2615 nullam.
651 2586 689 2597 -
718 2555 764 2617 Λα
786 2556 927 2636 prolecto
951 2558 1099 2620 sentimus
1122 2574 1180 2619 nos
1203 2555 1293 2637 hujus
1317 2553 1441 2636 quidem
1462 2570 1525 2615 non
1547 2571 1621 2615 esse
1644 2552 1777 2628 farinam
1809 2572 1877 2618 sen-

139 2673 230 2734 timus
253 2688 310 2733 nos
333 2670 427 2750 longe
451 2685 544 2731 secus
567 2676 690 2731 acturos
715 2668 813 2732 fuisse
836 2678 925 2752 atque
948 2672 1049 2744 illum;
1080 2675 1228 2735 sentimus
1249 2689 1316 2733 ⁴nos
1345 2671 1470 2732 minime
1493 2688 1549 2732 eos
1572 2687 1655 2747 esse,
1679 2672 1732 2752 qui
1755 2671 1874 2733 carissi·

139 2806 221 2850 mum
244 2794 334 2867 caput
355 2793 414 2848 tam
436 2783 601 2846 inhumane
624 2784 758 2866 prodere
779 2787 944 2866 possimus.
980 2788 1017 2851 Ut
1045 2789 1144 2851 trihus
1173 2787 1276 2851 verbis
1305 2786 1414 2864 dicam,
1442 2785 1636 2850 desideratur
1666 2788 1698 2850 iu
1720 2784 1872 2853 Alcestide

141 2902 244 2966 fabula
266 2902 375 2985 φόβος
397 2901 450 2964 ille
472 2903 546 2984 περὶ
557 2902 614 2964 τὸν
636 2893 764 2984 ὅμοιον,
788 2921 880 2984 quem
903 2902 975 2968 dicit
996 2905 1208 2986 philosophus,
1232 2924 1269 2968 ex
1292 2922 1352 2987 quo
1376 2902 1648 2985 quidemnascitur
1665 2900 1876 2967 misericordia

139 3017 321 3099 tragoediae
343 3019 478 3099 propria,
510 3016 624 3081 nedum
651 3015 740 3094 ἔλεος
761 3019 813 3081 ille
840 3021 914 3103 περὶ
938 3023 996 3083 τὸν
1019 3019 1152 3099 ἀνάξιον
1174 3020 1409 3099 δυστυχοῦντα,
1440 3019 1594 3101 siquidem
1623 3019 1703 3085 haud
1725 3018 1878 3082 immerito

140 3136 252 3218 patitur
273 3134 434 3213 Admetus,
466 3134 523 3198 sed
545 3154 601 3198 sua
624 3135 684 3197 sibi
706 3136 795 3217 culpa
818 3135 1019 3201 calamitatem
1042 3139 1203 3201 contraxit.
1233 3138 1358 3200 Rectius
1381 3136 1474 3217 igitur
1496 3137 1537 3198 ita
1559 3136 1628 3199 fere
1650 3140 1880 3217 argumentatus

142 3261 227 3318 esset
247 3253 440 3335 Wagnerus:
474 3252 625 3316 Admetus
648 3252 820 3329 adversam,
852 3271 942 3335 quam
969 3254 1149 3336 perpetitur,
1178 3254 1330 3317 fortunam
1358 3253 1501 3335 ignaviae
1529 3270 1605 3316 suae
1627 3250 1721 3316 debet
1742 3259 1774 3314 et
1794 3249 1880 3315 inhu-

142 3370 289 3443 manitati;
312 3371 415 3453 itaque
437 3370 529 3433 homo
554 3388 666 3451 pravus
689 3376 754 3443 est;
790 3386 878 3451 ergo,
903 3367 985 3461 quod
1008 3370 1193 3435 Aristoteles
1216 3372 1267 3447 ait,
1289 3369 1346 3434 διὰ
1367 3372 1480 3432 κακίαν
1502 3369 1534 3431 in
1555 3370 1757 3433 calamitatem
1778 3368 1881 3430 incur·

141 3488 196 3559 rit;
234 3505 311 3569 ergo
342 3489 409 3568 ejus
433 3505 537 3551 mores
560 3505 577 3550 a
599 3485 761 3568 tragoedia
782 3486 872 3567 plane
895 3484 1073 3550 abhorrent.
1105 3519 1141 3532 -
1173 3487 1251 3549 llinc
1280 3504 1357 3549 vero
1379 3485 1538 3562 refutatur,
1568 3484 1650 3567 quod
1679 3484 1783 3565 paullo
1811 3490 1881 3547 ante

143 3603 299 3667 contendit
321 3600 502 3686 Wagner⁴),
539 3604 644 3666 drama
670 3603 739 3677 hoc,
773 3604 801 3665 si
830 3604 991 3680 sumseris,
1024 3602 1188 3666 Admetum
1218 3621 1290 3666 esse
1313 3601 1599 3685 πρωταγωνιστὴν,
1630 3599 1729 3682 magis
1758 3598 1881 3662 referre

142 3729 281 3785 naturam
313 3722 502 3805 tragoediae.
536 3721 613 3784 Nam
646 3721 673 3783 si
705 3738 745 3784 ue
781 3721 825 3782 sic
858 3720 981 3803 quidem
1007 3719 1131 3784 Admeti
1163 3739 1297 3801 persona
1336 3720 1507 3802 praeceptis
1541 3717 1730 3780 Aristoteliis
1760 3734 1881 3780 accom-

143 3839 263 3904 modata
286 3848 336 3903 aut
358 3840 418 3903 ulla
441 3847 588 3921 exparte
611 3839 729 3921 tragica
752 3856 823 3901 esse
845 3837 981 3900 videtur:
1006 3836 1079 3918 quid
1102 3836 1141 3900 de
1165 3836 1266 3900 tabula
1289 3837 1349 3911 liet,
1372 3839 1400 3900 si
1422 3837 1545 3900 omnino
1568 3852 1630 3897 non
1641 3833 1801 3909 Alcestidi,
1825 3832 1883 3896 sed

143 3959 202 4023 soli
225 3958 292 4040 ejus
316 3958 451 4038 conjugi,
487 3958 600 4038 primas
631 3963 735 4037 partes
765 3953 987 4018 detulerimus?
1020 3953 1086 4016 Hoc
1117 3961 1218 4018 autern
1250 3954 1317 4018 lieri
1338 3957 1413 4036 Jam,
1447 3954 1479 4016 ni
1502 3951 1602 4029 fallor,
1637 3951 1731 4014 index
1761 3949 1882 4033 fabulae

143 4083 241 4148 vetat3
275 4081 396 4138 constat
426 4074 506 4136 enim
535 4073 653 4136 indices
686 4090 791 4136 earum
815 4071 995 4148 fabularum,
1028 4089 1108 4153 quae
1136 4089 1290 4153 personae
1320 4072 1450 4152 alicujus
1479 4069 1602 4133 nomine
1624 4067 1788 4151 insignitae
1812 4067 1881 4141 sint,

143 4194 461 4275 aprotagonistarum
483 4191 620 4272 partibus
643 4191 754 4272 petitos
773 4207 854 4252 esse.
878 4188 944 4252 Huc
965 4207 995 4251 v.
1018 4207 1045 4250 o.
1069 4189 1224 4269 pertinent
1245 4186 1363 4264 Medea,
1386 4187 1476 4268 Ajax,
1499 4186 1694 4262 Philoctetes,
1716 4184 1881 4265 Antigona,

143 4309 232 4374 aliae.
268 4310 379 4384 Quidni
409 4309 503 4393 igitur
533 4307 696 4388 analogiae
726 4314 839 4370 tantum
862 4306 1040 4376 tribuamus,
1074 4311 1107 4365 ut
1140 4304 1230 4365 etiam
1263 4302 1341 4365 hanc
1369 4310 1506 4391 nostram
1539 4300 1671 4364 tabulam
1701 4318 1719 4362 a
1747 4317 1881 4381 persam

142 4428 297 4511 primaria,
331 4429 361 4491 h.
392 4449 419 4493 e.
450 4428 488 4493 ab
511 4425 680 4503 Alcestide,
713 4442 826 4489 nomen
856 4424 989 4488 traxisse
1020 4418 1182 4502 putemus?
1215 4420 1280 4482 Nos
1310 4427 1395 4482 certe
1423 4427 1574 4501 putamus,
1606 4436 1779 4500 quanquam
1812 4414 1882 4479 huic

477 4612 531 4619 ...-

247 4713 271 4782 1)
289 4716 362 4768 Poet.
382 4728 404 4766 c.
427 4719 472 4770 13:
500 4698 589 4778 ἔλεος
611 4701 845 4783 proneptem
868 4695 1011 4781 ἀνάξιον,
1034 4698 1163 4784 φόβος
1185 4692 1229 4760 δὲ
1251 4698 1340 4778 περὶ
1361 4697 1429 4758 τὸν
1452 4686 1603 4772 ὅμοιον.
1636 4732 1670 4742 -
1698 4700 1724 4768 l)
1742 4704 1780 4758 tte
1798 4704 1882 4757 omni-

143 4805 194 4856 bus
212 4802 253 4856 his
273 4801 307 4853 at.
326 4799 449 4867 Lessing,
468 4801 585 4855 limmat.
604 4802 678 4854 lom.
696 4803 722 4853 2.
741 4813 767 4865 p.
787 4802 837 4853 titt
856 4800 897 4852 ed.
915 4798 1020 4851 Lacum.
1038 4824 1072 4835 —
1090 4792 1117 4860 8)
1135 4796 1216 4850 liter.
1236 4796 1328 4849 Tuscu.
1346 4794 1392 4846 Ed.
1413 4792 1503 4845 Prutz.
1525 4791 1599 4844 taut.
1618 4804 1644 4855 p.
1663 4792 1713 4844 :tta
1731 4790 1794 4854 post
1812 4788 1881 4841 med.

144 4915 179 4925 -
196 4883 222 4950 ⁴)
241 4886 270 4937 L.
288 4886 307 4940 l.
326 4898 351 4949 p.
371 4888 387 4938 a
405 4884 474 4941 med.
