4250 5442
874 213 1111 287 ..34-

126 414 197 489 post
218 415 329 477 autam,
359 405 399 468 de
420 405 546 471 Admeti
567 406 739 471 calamitate
761 408 876 471 certior
898 405 1014 482 traua,
1036 426 1076 471 ax
1104 407 1272 488 improuiso
1301 406 1390 487 pune
1413 412 1543 473 mutmm
1567 423 1640 471 ease
1662 404 1793 471 ridetur.
1827 404 1865 469 llt

127 530 269 605 quantum
292 528 421 585 mutatus
445 521 483 584 alt
507 522 575 585 illo!
609 522 699 586 Redit
718 523 841 605 antiqua
864 525 978 597 virtum
1009 542 1049 587 ex
1077 524 1142 587 acri
1170 531 1279 604 potore
1302 523 1405 589 avadit
1425 522 1600 605 Tirynthius
1628 522 1733 599 ieros,
1763 520 1864 586 erodit

124 632 290 724 Ἡρακλῆς
312 639 363 701 ille
387 638 497 720 σωτὴρ
520 636 746 721 (ἀλεξίκακος),
782 641 903 722 qualem
932 642 964 703 im
991 641 1173 705 Athamante
1201 649 1348 705 coronato
1371 641 1508 705 exhibuit
1528 639 1698 722 Sophocles
1710 636 1742 715 ¹).
1778 638 1865 703 Nunc

125 755 219 837 igitur
242 774 312 818 eum
335 755 484 819 habemus
507 757 682 834 Herculem,
716 760 767 840 qui
790 758 974 823 Prometheo
997 757 1111 822 vindex
1133 758 1256 834 exstitit,
1279 759 1331 839 qui
1352 757 1488 823 lenones
1511 755 1675 832 interfecit,
1704 756 1757 838 qui
1780 773 1864 819 mom·

125 879 189 936 stra
212 881 242 935 et
264 871 348 935 ieras
372 892 390 935 e
413 873 517 937 modio
539 875 669 951 sustulit,
699 877 751 958 qui
779 874 912 958 denique
943 876 1045 941 omnia
1067 875 1191 939 omnino
1215 875 1291 938 mala
1316 894 1355 938 ex
1377 873 1455 939 orbe
1476 882 1628 938 terrarum
1652 871 1812 953 depellere
1836 879 1867 934 et

126 989 214 1070 quasi
238 990 381 1053 exsulare
402 991 506 1053 voluit.
530 991 615 1054 llanc
636 992 742 1056 herois
765 1011 931 1074 personam
954 1000 1065 1070 tuetur,
1097 992 1239 1057 donicum
1269 1011 1378 1056 rursus
1409 994 1440 1055 in
1463 1009 1557 1054 scena
1580 997 1706 1075 apparet
1727 990 1866 1057 Alcestin

125 1106 189 1167 rica
212 1106 342 1169 velatam
366 1124 471 1170 secum
495 1106 623 1173 ducens.
658 1109 746 1173 Nunc
773 1111 882 1175 iterum
914 1110 1060 1175 lasciviae
1083 1130 1158 1174 suaa
1181 1109 1329 1192 indulget,
1357 1109 1452 1173 verba
1475 1108 1550 1172 dans
1572 1106 1716 1184 Admeto,
1746 1114 1778 1170 ut
1802 1108 1867 1189 jam

126 1221 267 1287 diximus.
301 1223 394 1288 Vides
418 1226 520 1306 igitur,
552 1225 681 1290 candide
703 1228 811 1305 lector,
840 1214 1018 1310 Euripidem
1040 1228 1163 1292 licentia
1186 1227 1254 1301 ista,
1284 1245 1363 1309 quae
1394 1245 1450 1307 par
1473 1234 1565 1289 totam
1589 1224 1723 1288 fabulam
1745 1231 1868 1306 regnet,

125 1357 185 1402 nec
215 1340 245 1401 in
276 1339 417 1403 Herculis
453 1360 586 1421 persona
622 1342 827 1409 describenda
856 1345 1054 1409 abstinuisse.
1088 1343 1351 1421 Quemadmodum
1385 1343 1466 1406 enirn
1499 1343 1530 1405 in
1559 1349 1623 1405 toto
1646 1340 1793 1418 dramate,
1828 1342 1868 1402 ita

127 1457 217 1519 etiam
240 1457 272 1518 in
295 1455 503 1539 descriptione
526 1458 654 1525 Alcidae
676 1464 792 1527 serium
812 1465 990 1546 jocumque,
1019 1463 1143 1526 omnino
1167 1461 1380 1525 diversissima
1402 1461 1482 1522 inter
1504 1478 1540 1523 se
1562 1459 1756 1523 commiscuit
1777 1465 1868 1540 atque

127 1571 274 1636 confudit.

253 1687 283 1771 ἕ.
307 1689 357 1755 56.
381 1692 464 1766 Quid
484 1713 559 1758 vero
583 1714 697 1760 causae
720 1716 793 1761 esse
816 1696 998 1780 putabimus,
1029 1697 1152 1760 cursio
1175 1692 1286 1760 iecerit
1309 1694 1420 1776 poetal
1454 1693 1519 1767 Qua
1546 1692 1577 1755 in
1600 1692 1782 1773 quaestione
1804 1710 1868 1756 me·

126 1808 254 1871 moriam
278 1809 399 1872 consilii
421 1809 598 1875 refricatam
621 1815 723 1891 velim,
747 1834 808 1897 quo
831 1814 964 1879 fabulam
987 1814 1171 1895 conscripsit
1192 1821 1293 1894 poeta.
1316 1812 1435 1893 Quippe
1458 1829 1476 1874 a
1497 1809 1727 1892 tragoediarum
1751 1809 1869 1873 severi·

126 1930 188 1988 late
221 1924 259 1987 ad
286 1925 469 1989 hilaritatem
503 1936 534 1990 et
563 1930 670 2010 jocum
704 1938 896 2012 spectatores
927 1930 1042 1995 sensim
1073 1937 1103 1993 et
1130 1929 1283 2012 paullatim
1317 1945 1469 1993 revocare
1500 1935 1530 1991 et
1552 1928 1597 1991 sic
1619 1934 1780 2008 utramque
1802 1943 1870 1988 rem

127 2041 290 2122 (tragicam
312 2041 380 2105 dioo
405 2050 436 2107 et
458 2046 621 2122 cornicum>
643 2048 724 2111 inter
746 2067 782 2112 se
805 2049 998 2132 conjungere
1022 2055 1052 2111 et
1074 2045 1300 2128 quodammodo
1323 2044 1527 2110 reconciliare
1551 2044 1654 2107 voluit.
1678 2042 1773 2124 Cujus
1796 2060 1869 2104 oon·

124 2156 186 2220 silii
209 2157 402 2240 exsequendi
424 2177 530 2223 ansam
554 2163 584 2224 ei
605 2163 733 2243 praebet
755 2163 897 2229 Herculis
919 2182 1064 2247 persona,
1094 2182 1174 2246 quae
1197 2171 1227 2226 et
1249 2164 1316 2244 ipsa
1337 2163 1447 2244 partim
1469 2160 1596 2243 tragica,
1621 2160 1728 2241 partim
1752 2158 1870 2220 comica

125 2281 175 2337 aut
196 2273 304 2339 saltem
319 2276 431 2356 jocosa
455 2284 510 2339 est.
544 2276 650 2360 ltaque
681 2281 745 2362 jam
779 2280 876 2354 vides,
918 2300 1007 2364 quam
1039 2297 1191 2361 prospere
1226 2280 1326 2342 omnia
1356 2277 1475 2341 cedant.
1513 2277 1611 2340 Prima
1643 2274 1764 2339 fabulae
1797 2290 1869 2354 pars
1982 2284 1988 2295 ·

125 2390 215 2471 plane
238 2393 355 2473 tragica
379 2399 435 2466 est,
464 2411 595 2477 cumque
619 2396 788 2479 tragoediis
812 2398 1003 2481 antegressis
1025 2396 1107 2461 bene
1130 2397 1272 2461 concinit.
1305 2396 1373 2459 lam
1395 2412 1471 2457 vero
1494 2393 1526 2457 id
1549 2392 1659 2475 agitur,
1688 2399 1722 2454 ut
1750 2396 1869 2471 specta·

125 2514 225 2572 lorum
256 2508 348 2572 animi
379 2509 416 2572 ad
443 2510 547 2575 ludum
572 2515 742 2597 jocumque
772 2515 982 2580 deflectantur.
1017 2514 1080 2578 Sed
1109 2514 1161 2598 qui
1184 2511 1402 2577 instituendum
1425 2510 1499 2575 illud
1523 2503 1595 2574 est?
1628 2507 1715 2572 Unde
1748 2506 1871 2571 tandem

126 2626 254 2688 materia
272 2625 398 2707 jocandi
420 2627 585 2708 suppetet?
615 2631 702 2694 llaud
725 2631 866 2714 profecto
889 2633 1086 2707 intrinsecus,
1117 2649 1156 2693 ex
1178 2630 1244 2710 ipsa
1267 2628 1379 2704 fabula,
1404 2646 1444 2690 ex
1466 2626 1557 2690 domo
1581 2624 1713 2698 Admeti,
1738 2641 1817 2706 quae
1840 2623 1871 2685 in

127 2741 271 2807 sordibus
298 2742 444 2824 luctuque
468 2745 567 2823 iacet3
601 2746 705 2830 itaque
738 2750 931 2813 extrinsecus
960 2745 1093 2830 petenda
1123 2763 1160 2809 ea
1190 2745 1258 2807 erit.
1293 2743 1461 2808 Intervenit
1486 2742 1653 2814 Herculem
1683 2742 1807 2822 jocatur
1841 2746 1870 2802 et

126 2858 221 2922 ridet:
256 2876 319 2921 non
350 2876 411 2941 quo
434 2859 558 2925 Admeti
580 2864 735 2928 miseriam
759 2873 851 2949 atquo
873 2865 1015 2928 dolorem
1038 2862 1207 2938 cavilletur,
1240 2860 1297 2925 sed
1326 2869 1359 2925 ut
1385 2861 1424 2924 ad
1447 2860 1572 2943 joculos
1601 2877 1673 2921 mox
1703 2864 1867 2940 sequentes

127 2975 207 3038 viam
231 2975 319 3056 quasi
341 2976 467 3055 aperiat,
502 2985 533 3041 et
558 2980 716 3047 auditores
744 2982 837 3045 nimia
858 2982 1088 3064 tragoediarum
1112 2981 1262 3064 gravitate
1285 2978 1470 3062 defatigatos
1493 2977 1604 3041 leniter
1626 2975 1769 3039 delectet
1804 2975 1869 3049 Quo

128 3089 253 3175 quidem
282 3107 423 3155 munere*
438 3110 495 3173 pro
519 3097 651 3177 satyrica
674 3117 739 3171 sua,
772 3116 831 3181 qua
853 3096 958 3178 pollet,
988 3096 1093 3162 indole
1123 3095 1284 3178 praeclare
1315 3093 1501 3177 defungitur.
1537 3092 1596 3155 Vix
1619 3092 1700 3154 enim
1723 3090 1754 3153 in
1777 3106 1869 3153 scena

128 3215 263 3290 apparet,
287 3227 380 3293 quum
404 3211 504 3273 omnia
528 3211 610 3276 illico
635 3221 794 3278 mutantur.
828 3213 904 3278 Nam
928 3211 1019 3278 facile
1041 3213 1082 3285 fit,
1113 3219 1146 3275 ut
1169 3229 1243 3293 prae
1265 3211 1448 3290 necopinato
1472 3209 1540 3290 ejus
1563 3206 1695 3271 adventu
1717 3206 1871 3269 tristiores

129 3324 222 3387 animi
249 3322 378 3387 allectus
409 3343 481 3389 mox
513 3328 675 3407 leniantur,
711 3339 741 3394 et
774 3329 930 3395 auditores
961 3330 1024 3411 jam
1057 3326 1160 3410 paullo
1190 3326 1319 3390 liberius
1349 3325 1507 3406 respirare
1537 3321 1687 3405 refioique
1717 3321 1871 3402 incipiant.

128 3437 320 3503 Procedente
343 3447 443 3504 autem
467 3441 569 3507 fabula
591 3445 749 3510 residuum
772 3446 846 3509 illud
870 3445 987 3510 doloris
1011 3453 1042 3508 et
1064 3444 1247 3519 moestitiae,
1278 3440 1360 3523 quod
1390 3442 1562 3505 etiamnunc
1584 3437 1742 3513 remansit,
1774 3437 1871 3518 magis

130 3556 292 3639 magisque
322 3556 438 3620 tollitur
460 3567 551 3641 atque
574 3560 704 3626 deletur.
740 3563 811 3627 Post
838 3563 918 3626 hanc
945 3563 1039 3646 igitur
1069 3560 1279 3642 prolusionem
1310 3559 1360 3622 vel
1390 3557 1513 3641 putidae
1542 3557 1631 3621 istius
1663 3553 1872 3618 altercationis

129 3675 211 3736 inter
232 3671 396 3737 Admetum
419 3674 643 3760 Pheretamque
666 3687 753 3744 ortae
775 3679 928 3743 acerbitas
953 3675 1179 3761 quodammodo
1199 3675 1364 3757 mitigatur,
1388 3676 1508 3740 etiamsi
1530 3675 1608 3738 haec
1630 3690 1724 3736 scena
1746 3690 1803 3752 per
1826 3689 1873 3743 se,

129 3791 157 3855 si
179 3806 284 3853 mores
306 3797 492 3871 spectemus,
522 3797 665 3859 excusari
687 3798 803 3879 nequit.
839 3798 929 3861 Certe
958 3794 1032 3859 illud
1058 3793 1204 3876 largieris
1234 3810 1302 3856 eam
1329 3810 1411 3856 nunc
1439 3794 1539 3856 minus
1563 3790 1641 3852 male
1664 3806 1722 3852 nos
1745 3787 1873 3861 habere,

130 3923 221 3991 quam
243 3904 382 3980 haberet,
415 3909 475 3970 nisi
504 3909 647 3976 Herculis
675 3913 903 3976 intervenisset.
940 3909 1093 3992 Quidquid
1115 3909 1256 3973 tristitiae
1278 3909 1398 3986 restitit,
1425 3907 1456 3971 id
1488 3906 1631 3971 Herculis
1661 3905 1727 3987 joci
1755 3922 1872 3986 nugae·

132 4039 192 4103 que
214 4018 336 4094 tollunt;
361 4040 531 4105 quanquam
556 4029 703 4108 querelae
725 4028 859 4106 Admeti,
891 4047 970 4111 quae
992 4027 1081 4090 brevi
1102 4034 1173 4108 post
1195 4036 1376 4110 sequuntur,
1407 4024 1590 4107 spectatoris
1614 4023 1795 4087 hilaritatem
1818 4021 1872 4083 ali-

132 4155 192 4221 qua
215 4156 254 4201 ex
276 4146 363 4218 parte
385 4138 566 4206 imminuunt
589 4152 620 4207 et
642 4151 798 4222 coercent,
819 4152 963 4227 tauquam
985 4143 1198 4225 impediturae,
1223 4144 1386 4227 quominus
1397 4143 1513 4224 justum
1526 4139 1650 4204 modum
1664 4138 1872 4223 egrediantur.

132 4251 344 4337 Quodcunque
366 4273 443 4319 vero
466 4257 609 4322 hilaritati
631 4260 677 4322 sic
700 4259 844 4337 decessit,
879 4260 910 4324 id
939 4278 1011 4325 mox
1043 4262 1162 4325 auctius
1196 4261 1330 4325 restituit
1351 4259 1456 4323 ultima
1478 4275 1582 4333 scena,
1611 4275 1690 4340 quae
1719 4273 1812 4339 quum
1834 4253 1873 4318 ad

134 4365 311 4431 comoedias
334 4388 433 4451 prope
455 4370 591 4453 accedat,
621 4372 660 4435 ad
682 4374 787 4437 ludum
810 4383 840 4438 et
858 4376 964 4456 jocum
986 4394 1044 4440 nos
1066 4385 1202 4441 revocat.
1234 4409 1276 4420 —
1305 4375 1383 4439 ilinc
1405 4375 1612 4458 igiturpatet,
1635 4373 1778 4437 Herculis
1801 4388 1872 4456 per-

133 4500 242 4549 sonam
264 4494 374 4567 poetae
397 4489 527 4551 consilio
551 4491 682 4556 mamma
703 4492 963 4558 accommodatam
986 4512 1059 4558 esse
1082 4502 1113 4559 et
1132 4501 1243 4575 aptam.
1275 4494 1361 4568 Quae
1384 4511 1476 4576 quum
1498 4492 1540 4555 ita
1560 4491 1632 4567 sint,
1660 4507 1718 4571 per
1739 4506 1776 4553 se
1799 4506 1871 4553 cou-

134 4600 207 4664 cidit
236 4600 390 4699 Wiolandi
419 4605 571 4669 sententia
580 4601 614 4683 ²),
649 4610 701 4690 qui
734 4626 827 4692 quum
860 4609 982 4676 fabulae
1011 4610 1103 4676 finem
1135 4626 1243 4692 parum
1271 4617 1504 4695 assequeretur,
1537 4616 1568 4672 et
1594 4604 1759 4671 lieroulem
1788 4605 1873 4669 illum

239 4783 264 4852 1)
284 4767 409 4850 Ἀθαμ·
432 4778 708 4858 θτὸφᾱνθφᾱρῶν.
726 4812 761 4825 -
775 4774 819 4843 or.
838 4790 949 4857 Preller,
966 4792 1068 4857 griecln
1085 4792 1193 4857 llrthol.
1212 4794 1283 4849 lom.
1301 4793 1327 4846 2.
1346 4804 1373 4857 p.
1394 4792 1452 4846 184.
1473 4788 1529 4845 185.

239 4865 264 4935 ²)
283 4870 403 4922 Simmil.
422 4870 516 4925 Wel'lle
535 4873 605 4926 Tom.
624 4875 666 4928 35.
685 4886 711 4938 1).
733 4875 791 4929 idd.
812 4875 870 4930 154.
891 4877 949 4930 164.
986 4898 990 4905 ·
