<?xml version="1.0" encoding="UTF-8"?>
<!DOCTYPE html PUBLIC "-//W3C//DTD XHTML 1.0 Transitional//EN"
    "http://www.w3.org/TR/xhtml1/DTD/xhtml1-transitional.dtd">
<html xmlns="http://www.w3.org/1999/xhtml" xml:lang="en" lang="en">
 <head>
  <title>
</title>
<meta http-equiv="Content-Type" content="text/html;charset=utf-8" />
  <meta name='ocr-system' content='tesseract 3.04.00' />
  <meta name='ocr-capabilities' content='ocr_page ocr_carea ocr_par ocr_line ocrx_word'/>
</head>
<body>
  <div class='ocr_page' id='page_1' title='image "./commentatiodeal00buchgoog_0011.png"; bbox 0 0 4250 5442; ppageno 0'>
   <div class='ocr_carea' id='block_1_1' title="bbox 1161 164 1400 235">
    <p class='ocr_par' dir='ltr' id='par_1_1' title="bbox 1161 164 1400 235">
     <span class='ocr_line' id='line_1_1' title="bbox 1161 164 1400 235; baseline 0 -18"><span class='ocrx_word' id='word_1_1' title='bbox 1161 164 1400 235; x_wconf 75' lang='grc'><strong>..5.-</strong></span> 
     </span>
    </p>
   </div>
   <div class='ocr_carea' id='block_1_2' title="bbox 408 356 2015 4293">
    <p class='ocr_par' dir='ltr' id='par_1_2' title="bbox 408 356 2015 676">
     <span class='ocr_line' id='line_1_2' title="bbox 408 356 2013 447; baseline -0.005 -18"><span class='ocrx_word' id='word_1_2' title='bbox 408 371 477 447; x_wconf 88' lang='lat' dir='ltr'><strong>apta</strong></span> <span class='ocrx_word' id='word_1_3' title='bbox 499 371 531 428; x_wconf 87' lang='lat' dir='ltr'><strong>et</strong></span> <span class='ocrx_word' id='word_1_4' title='bbox 552 360 714 431; x_wconf 90' lang='lat' dir='ltr'><strong>commoda</strong></span> <span class='ocrx_word' id='word_1_5' title='bbox 736 360 943 427; x_wconf 72' lang='lat' dir='ltr'><strong>immiscuisse</strong></span> <span class='ocrx_word' id='word_1_6' title='bbox 968 367 1146 425; x_wconf 72' lang='lat' dir='ltr'><strong>statuamus.</strong></span> <span class='ocrx_word' id='word_1_7' title='bbox 1180 359 1247 422; x_wconf 86' lang='lat' dir='ltr'><strong>lloc</strong></span> <span class='ocrx_word' id='word_1_8' title='bbox 1273 357 1439 421; x_wconf 78' lang='lat' dir='ltr'><strong>Burmanni</strong></span> <span class='ocrx_word' id='word_1_9' title='bbox 1468 356 1617 439; x_wconf 88' lang='lat' dir='ltr'><strong>judicium</strong></span> <span class='ocrx_word' id='word_1_10' title='bbox 1639 359 1746 422; x_wconf 92' lang='lat' dir='ltr'><strong>utillo</strong></span> <span class='ocrx_word' id='word_1_11' title='bbox 1768 366 1910 442; x_wconf 88' lang='lat' dir='ltr'><strong>tempore</strong></span> <span class='ocrx_word' id='word_1_12' title='bbox 1939 360 2013 423; x_wconf 91' lang='lat' dir='ltr'><strong>satis</strong></span> 
     </span>
     <span class='ocr_line' id='line_1_3' title="bbox 408 473 2015 561; baseline -0.006 -14"><span class='ocrx_word' id='word_1_13' title='bbox 408 479 506 547; x_wconf 80' lang='lat' dir='ltr'><strong>fuisse</strong></span> <span class='ocrx_word' id='word_1_14' title='bbox 530 479 630 561; x_wconf 84' lang='lat' dir='ltr'><strong>quivis</strong></span> <span class='ocrx_word' id='word_1_15' title='bbox 652 477 744 552; x_wconf 88' lang='lat' dir='ltr'><strong>videt,</strong></span> <span class='ocrx_word' id='word_1_16' title='bbox 772 484 921 558; x_wconf 89' lang='lat' dir='ltr'><strong>recteque</strong></span> <span class='ocrx_word' id='word_1_17' title='bbox 945 474 1017 540; x_wconf 89' lang='lat' dir='ltr'><strong>dicit</strong></span> <span class='ocrx_word' id='word_1_18' title='bbox 1038 476 1224 558; x_wconf 80' lang='lat' dir='ltr'><strong>lluechlyus,</strong></span> <span class='ocrx_word' id='word_1_19' title='bbox 1253 482 1416 557; x_wconf 89' lang='lat' dir='ltr'><strong>antequam</strong></span> <span class='ocrx_word' id='word_1_20' title='bbox 1438 473 1579 538; x_wconf 91' lang='lat' dir='ltr'><strong>scholion</strong></span> <span class='ocrx_word' id='word_1_21' title='bbox 1600 474 1675 538; x_wconf 91' lang='lat' dir='ltr'><strong>illud</strong></span> <span class='ocrx_word' id='word_1_22' title='bbox 1696 475 1870 550; x_wconf 71' lang='lat' dir='ltr'><strong>innotuerit,</strong></span> <span class='ocrx_word' id='word_1_23' title='bbox 1900 476 1931 539; x_wconf 93' lang='lat' dir='ltr'><strong>in</strong></span> <span class='ocrx_word' id='word_1_24' title='bbox 1954 475 2015 557; x_wconf 80' lang='lat' dir='ltr'><strong>diJu</strong></span> 
     </span>
     <span class='ocr_line' id='line_1_4' title="bbox 408 592 1443 676; baseline -0.007 -16"><span class='ocrx_word' id='word_1_25' title='bbox 408 594 566 660; x_wconf 92' lang='lat' dir='ltr'><strong>Alcestide</strong></span> <span class='ocrx_word' id='word_1_26' title='bbox 588 596 640 657; x_wconf 86' lang='lat' dir='ltr'><strong>uix</strong></span> <span class='ocrx_word' id='word_1_27' title='bbox 662 602 692 658; x_wconf 91' lang='lat' dir='ltr'><strong>et</strong></span> <span class='ocrx_word' id='word_1_28' title='bbox 713 612 754 656; x_wconf 90' lang='lat' dir='ltr'><strong>ne</strong></span> <span class='ocrx_word' id='word_1_29' title='bbox 776 594 828 656; x_wconf 86' lang='lat' dir='ltr'><strong>uix</strong></span> <span class='ocrx_word' id='word_1_30' title='bbox 851 592 974 676; x_wconf 89' lang='lat' dir='ltr'><strong>quidem</strong></span> <span class='ocrx_word' id='word_1_31' title='bbox 997 593 1121 676; x_wconf 89' lang='lat' dir='ltr'><strong>longius</strong></span> <span class='ocrx_word' id='word_1_32' title='bbox 1144 595 1283 675; x_wconf 86' lang='lat' dir='ltr'><strong>potuisse</strong></span> <span class='ocrx_word' id='word_1_33' title='bbox 1305 592 1443 673; x_wconf 90' lang='lat' dir='ltr'><strong>procedi.</strong></span> 
     </span>
    </p>

    <p class='ocr_par' dir='ltr' id='par_1_3' title="bbox 408 707 2015 1612">
     <span class='ocr_line' id='line_1_5' title="bbox 535 707 2015 793; baseline -0.003 -20"><span class='ocrx_word' id='word_1_34' title='bbox 535 708 565 791; x_wconf 64' lang='grc' dir='ltr'><strong>ξ.</strong></span> <span class='ocrx_word' id='word_1_35' title='bbox 588 709 618 773; x_wconf 91' lang='grc'><strong>9.</strong></span> <span class='ocrx_word' id='word_1_36' title='bbox 641 711 795 793; x_wconf 83' lang='lat' dir='ltr'><strong>Sequitur,</strong></span> <span class='ocrx_word' id='word_1_37' title='bbox 818 718 851 772; x_wconf 93' lang='lat' dir='ltr'><strong>ut</strong></span> <span class='ocrx_word' id='word_1_38' title='bbox 873 711 1123 774; x_wconf 87' lang='lat' dir='ltr'><strong>Duentzerum</strong></span> <span class='ocrx_word' id='word_1_39' title='bbox 1145 728 1434 783; x_wconf 83' lang='lat' dir='ltr'><strong>commemoremus,</strong></span> <span class='ocrx_word' id='word_1_40' title='bbox 1463 707 1569 791; x_wconf 91' lang='lat' dir='ltr'><strong>quiid</strong></span> <span class='ocrx_word' id='word_1_41' title='bbox 1592 708 1761 773; x_wconf 75' lang='lat' dir='ltr'><strong>dramatum</strong></span> <span class='ocrx_word' id='word_1_42' title='bbox 1783 728 1893 791; x_wconf 85' lang='lat' dir='ltr'><strong>genus,</strong></span> <span class='ocrx_word' id='word_1_43' title='bbox 1927 710 1965 772; x_wconf 91' lang='lat' dir='ltr'><strong>ad</strong></span> <span class='ocrx_word' id='word_1_44' title='bbox 1989 729 2015 792; x_wconf 83' lang='lat' dir='ltr'><strong>qr</strong></span> 
     </span>
     <span class='ocr_line' id='line_1_6' title="bbox 411 823 2014 911; baseline -0.004 -16"><span class='ocrx_word' id='word_1_45' title='bbox 411 829 503 895; x_wconf 80' lang='lat' dir='ltr'><strong>castis</strong></span> <span class='ocrx_word' id='word_1_46' title='bbox 525 828 688 909; x_wconf 83' lang='lat' dir='ltr'><strong>pertineat,</strong></span> <span class='ocrx_word' id='word_1_47' title='bbox 716 825 937 908; x_wconf 85' lang='lat' dir='ltr'><strong>percommode</strong></span> <span class='ocrx_word' id='word_1_48' title='bbox 965 824 1120 911; x_wconf 77' lang='grc' dir='ltr'><em>δράματα</em></span> <span class='ocrx_word' id='word_1_49' title='bbox 1147 826 1246 908; x_wconf 83' lang='grc' dir='ltr'><strong><em>μικτὰ</em></strong></span> <span class='ocrx_word' id='word_1_50' title='bbox 1268 835 1423 908; x_wconf 91' lang='lat' dir='ltr'><strong>nuncupat</strong></span> <span class='ocrx_word' id='word_1_51' title='bbox 1435 823 1470 906; x_wconf 83' lang='lat'><strong>¹).</strong></span> <span class='ocrx_word' id='word_1_52' title='bbox 1505 826 1666 890; x_wconf 79' lang='lat' dir='ltr'><strong>Actionem</strong></span> <span class='ocrx_word' id='word_1_53' title='bbox 1697 834 1798 890; x_wconf 89' lang='lat' dir='ltr'><strong>autem</strong></span> <span class='ocrx_word' id='word_1_54' title='bbox 1827 825 1947 890; x_wconf 82' lang='lat' dir='ltr'><strong>fabulae</strong></span> <span class='ocrx_word' id='word_1_55' title='bbox 1976 846 2014 890; x_wconf 89' lang='lat' dir='ltr'><strong>on</strong></span> 
     </span>
     <span class='ocr_line' id='line_1_7' title="bbox 408 937 2015 1029; baseline -0.002 -18"><span class='ocrx_word' id='word_1_56' title='bbox 408 945 570 1029; x_wconf 80' lang='lat' dir='ltr'><strong>tragoedia</strong></span> <span class='ocrx_word' id='word_1_57' title='bbox 594 946 765 1009; x_wconf 88' lang='lat' dir='ltr'><strong>abhorrere</strong></span> <span class='ocrx_word' id='word_1_58' title='bbox 787 940 872 1020; x_wconf 82' lang='lat' dir='ltr'><strong>ait²).</strong></span> <span class='ocrx_word' id='word_1_59' title='bbox 910 944 999 1018; x_wconf 80' lang='lat' dir='ltr'><strong>Quod</strong></span> <span class='ocrx_word' id='word_1_60' title='bbox 1026 963 1104 1008; x_wconf 85' lang='lat' dir='ltr'><strong>reru</strong></span> <span class='ocrx_word' id='word_1_61' title='bbox 1132 945 1215 1009; x_wconf 89' lang='lat' dir='ltr'><strong>idem</strong></span> <span class='ocrx_word' id='word_1_62' title='bbox 1241 945 1301 1008; x_wconf 92' lang='lat' dir='ltr'><strong>sibi</strong></span> <span class='ocrx_word' id='word_1_63' title='bbox 1323 937 1524 1026; x_wconf 83' lang='lat' dir='ltr'><strong>persuasit³)‚</strong></span> <span class='ocrx_word' id='word_1_64' title='bbox 1558 952 1679 1024; x_wconf 91' lang='lat' dir='ltr'><strong>poetam</strong></span> <span class='ocrx_word' id='word_1_65' title='bbox 1711 944 1849 1007; x_wconf 76' lang='lat' dir='ltr'><strong>Alcestin</strong></span> <span class='ocrx_word' id='word_1_66' title='bbox 1885 963 1923 1007; x_wconf 91' lang='lat' dir='ltr'><strong>eo</strong></span> <span class='ocrx_word' id='word_1_67' title='bbox 1955 947 2015 1025; x_wconf 92' lang='lat' dir='ltr'><strong>poti</strong></span> 
     </span>
     <span class='ocr_line' id='line_1_8' title="bbox 409 1059 2015 1143; baseline -0.003 -16"><span class='ocrx_word' id='word_1_68' title='bbox 409 1064 541 1127; x_wconf 82' lang='lat' dir='ltr'><strong>consssio</strong></span> <span class='ocrx_word' id='word_1_69' title='bbox 565 1063 800 1143; x_wconf 83' lang='lat' dir='ltr'><strong>conscripsisse,</strong></span> <span class='ocrx_word' id='word_1_70' title='bbox 829 1069 862 1124; x_wconf 93' lang='lat' dir='ltr'><strong>ut</strong></span> <span class='ocrx_word' id='word_1_71' title='bbox 891 1063 1072 1126; x_wconf 88' lang='lat' dir='ltr'><strong>neminem</strong></span> <span class='ocrx_word' id='word_1_72' title='bbox 1094 1062 1262 1126; x_wconf 88' lang='lat' dir='ltr'><strong>libenter</strong></span> <span class='ocrx_word' id='word_1_73' title='bbox 1285 1062 1375 1124; x_wconf 91' lang='lat' dir='ltr'><strong>muri</strong></span> <span class='ocrx_word' id='word_1_74' title='bbox 1397 1060 1569 1124; x_wconf 90' lang='lat' dir='ltr'><strong>luculenter</strong></span> <span class='ocrx_word' id='word_1_75' title='bbox 1591 1060 1826 1131; x_wconf 88' lang='lat' dir='ltr'><strong>demonstraret,</strong></span> <span class='ocrx_word' id='word_1_76' title='bbox 1856 1059 1887 1122; x_wconf 93' lang='lat' dir='ltr'><strong>id</strong></span> <span class='ocrx_word' id='word_1_77' title='bbox 1911 1059 2015 1142; x_wconf 80' lang='lat' dir='ltr'><strong>quidex</strong></span> 
     </span>
     <span class='ocr_line' id='line_1_9' title="bbox 410 1177 2015 1259; baseline -0.001 -18"><span class='ocrx_word' id='word_1_78' title='bbox 410 1177 523 1243; x_wconf 84' lang='lat' dir='ltr'><strong>invidia</strong></span> <span class='ocrx_word' id='word_1_79' title='bbox 546 1178 687 1256; x_wconf 84' lang='lat' dir='ltr'><strong>dicentii)</strong></span> <span class='ocrx_word' id='word_1_80' title='bbox 718 1196 848 1259; x_wconf 89' lang='lat' dir='ltr'><strong>prorsus</strong></span> <span class='ocrx_word' id='word_1_81' title='bbox 870 1178 956 1240; x_wconf 90' lang='lat' dir='ltr'><strong>nihili</strong></span> <span class='ocrx_word' id='word_1_82' title='bbox 979 1186 1041 1252; x_wconf 90' lang='lat' dir='ltr'><strong>est;</strong></span> <span class='ocrx_word' id='word_1_83' title='bbox 1075 1196 1178 1259; x_wconf 90' lang='lat' dir='ltr'><strong>neque</strong></span> <span class='ocrx_word' id='word_1_84' title='bbox 1209 1179 1291 1241; x_wconf 91' lang='lat' dir='ltr'><strong>enim</strong></span> <span class='ocrx_word' id='word_1_85' title='bbox 1312 1186 1376 1243; x_wconf 92' lang='lat' dir='ltr'><strong>toto</strong></span> <span class='ocrx_word' id='word_1_86' title='bbox 1399 1177 1535 1240; x_wconf 86' lang='lat' dir='ltr'><strong>dramate</strong></span> <span class='ocrx_word' id='word_1_87' title='bbox 1557 1195 1634 1257; x_wconf 87' lang='lat' dir='ltr'><strong>opus</strong></span> <span class='ocrx_word' id='word_1_88' title='bbox 1658 1184 1706 1239; x_wconf 90' lang='lat' dir='ltr'><strong>cst</strong></span> <span class='ocrx_word' id='word_1_89' title='bbox 1727 1177 1766 1239; x_wconf 90' lang='lat' dir='ltr'><strong>ad</strong></span> <span class='ocrx_word' id='word_1_90' title='bbox 1787 1178 1847 1241; x_wconf 89' lang='lat' dir='ltr'><strong>tale</strong></span> <span class='ocrx_word' id='word_1_91' title='bbox 1870 1177 1942 1259; x_wconf 93' lang='lat' dir='ltr'><strong>quid</strong></span> <span class='ocrx_word' id='word_1_92' title='bbox 1965 1177 2015 1240; x_wconf 80' lang='lat' dir='ltr'><strong>dot</strong></span> 
     </span>
     <span class='ocr_line' id='line_1_10' title="bbox 410 1294 2015 1377; baseline -0.004 -17"><span class='ocrx_word' id='word_1_93' title='bbox 410 1295 496 1360; x_wconf 88' lang='lat' dir='ltr'><strong>llaud</strong></span> <span class='ocrx_word' id='word_1_94' title='bbox 518 1297 650 1377; x_wconf 90' lang='lat' dir='ltr'><strong>ineptius</strong></span> <span class='ocrx_word' id='word_1_95' title='bbox 673 1295 814 1377; x_wconf 86' lang='lat' dir='ltr'><strong>prolecto</strong></span> <span class='ocrx_word' id='word_1_96' title='bbox 838 1296 988 1377; x_wconf 89' lang='lat' dir='ltr'><strong>quispiam</strong></span> <span class='ocrx_word' id='word_1_97' title='bbox 1012 1296 1125 1360; x_wconf 88' lang='lat' dir='ltr'><strong>dixerit</strong></span> <span class='ocrx_word' id='word_1_98' title='bbox 1146 1295 1359 1359; x_wconf 86' lang='lat' dir='ltr'><strong>Prometheum</strong></span> <span class='ocrx_word' id='word_1_99' title='bbox 1383 1313 1422 1358; x_wconf 91' lang='lat' dir='ltr'><strong>eo</strong></span> <span class='ocrx_word' id='word_1_100' title='bbox 1445 1295 1575 1357; x_wconf 93' lang='lat' dir='ltr'><strong>consilio</strong></span> <span class='ocrx_word' id='word_1_101' title='bbox 1598 1294 1635 1356; x_wconf 90' lang='lat' dir='ltr'><strong>ab</strong></span> <span class='ocrx_word' id='word_1_102' title='bbox 1659 1295 1815 1375; x_wconf 78' lang='lat' dir='ltr'><strong>Aeschylo</strong></span> <span class='ocrx_word' id='word_1_103' title='bbox 1837 1313 1910 1359; x_wconf 90' lang='lat' dir='ltr'><strong>esse</strong></span> <span class='ocrx_word' id='word_1_104' title='bbox 1933 1313 2015 1358; x_wconf 65' lang='lat' dir='ltr'><strong>consi</strong></span> 
     </span>
     <span class='ocr_line' id='line_1_11' title="bbox 409 1410 1990 1496; baseline -0.002 -19"><span class='ocrx_word' id='word_1_105' title='bbox 409 1422 442 1481; x_wconf 90' lang='lat' dir='ltr'><strong>ul</strong></span> <span class='ocrx_word' id='word_1_106' title='bbox 471 1414 657 1477; x_wconf 89' lang='lat' dir='ltr'><strong>neminem</strong></span> <span class='ocrx_word' id='word_1_107' title='bbox 685 1413 856 1477; x_wconf 88' lang='lat' dir='ltr'><strong>libenter</strong></span> <span class='ocrx_word' id='word_1_108' title='bbox 884 1414 1054 1477; x_wconf 86' lang='lat' dir='ltr'><strong>Caucaso</strong></span> <span class='ocrx_word' id='word_1_109' title='bbox 1078 1412 1188 1496; x_wconf 82' lang='lat' dir='ltr'><strong>affigi</strong></span> <span class='ocrx_word' id='word_1_110' title='bbox 1210 1410 1344 1475; x_wconf 89' lang='lat' dir='ltr'><strong>dilucide</strong></span> <span class='ocrx_word' id='word_1_111' title='bbox 1367 1410 1593 1475; x_wconf 87' lang='lat' dir='ltr'><strong>ostenderetur.</strong></span> <span class='ocrx_word' id='word_1_112' title='bbox 1628 1410 1793 1475; x_wconf 89' lang='lat' dir='ltr'><strong>Lubricum</strong></span> <span class='ocrx_word' id='word_1_113' title='bbox 1820 1421 1868 1476; x_wconf 89' lang='lat' dir='ltr'><strong>est</strong></span> <span class='ocrx_word' id='word_1_114' title='bbox 1890 1421 1990 1476; x_wconf 90' lang='lat' dir='ltr'><strong>autem</strong></span> 
     </span>
     <span class='ocr_line' id='line_1_12' title="bbox 410 1527 1885 1612; baseline -0.001 -18"><span class='ocrx_word' id='word_1_115' title='bbox 410 1549 569 1612; x_wconf 88' lang='lat' dir='ltr'><strong>quaequae</strong></span> <span class='ocrx_word' id='word_1_116' title='bbox 593 1537 650 1603; x_wconf 91' lang='lat' dir='ltr'><strong>est,</strong></span> <span class='ocrx_word' id='word_1_117' title='bbox 672 1531 763 1593; x_wconf 89' lang='lat' dir='ltr'><strong>talem</strong></span> <span class='ocrx_word' id='word_1_118' title='bbox 786 1529 920 1603; x_wconf 90' lang='lat' dir='ltr'><strong>ideam,</strong></span> <span class='ocrx_word' id='word_1_119' title='bbox 945 1549 1033 1612; x_wconf 89' lang='lat' dir='ltr'><strong>quam</strong></span> <span class='ocrx_word' id='word_1_120' title='bbox 1057 1536 1177 1603; x_wconf 86' lang='lat' dir='ltr'><strong>vocant,</strong></span> <span class='ocrx_word' id='word_1_121' title='bbox 1201 1527 1379 1601; x_wconf 87' lang='lat' dir='ltr'><strong>obtrudere,</strong></span> <span class='ocrx_word' id='word_1_122' title='bbox 1402 1528 1442 1592; x_wconf 91' lang='lat' dir='ltr'><strong>de</strong></span> <span class='ocrx_word' id='word_1_123' title='bbox 1464 1547 1523 1610; x_wconf 93' lang='lat' dir='ltr'><strong>qua</strong></span> <span class='ocrx_word' id='word_1_124' title='bbox 1545 1536 1635 1611; x_wconf 88' lang='lat' dir='ltr'><strong>poeta</strong></span> <span class='ocrx_word' id='word_1_125' title='bbox 1657 1530 1709 1591; x_wconf 83' lang='lat' dir='ltr'><strong>vix</strong></span> <span class='ocrx_word' id='word_1_126' title='bbox 1730 1530 1885 1612; x_wconf 87' lang='lat' dir='ltr'><strong>cogitarit</strong></span> 
     </span>
    </p>

    <p class='ocr_par' dir='ltr' id='par_1_4' title="bbox 408 1643 2015 2428">
     <span class='ocr_line' id='line_1_13' title="bbox 535 1643 2015 1729; baseline -0.002 -19"><span class='ocrx_word' id='word_1_127' title='bbox 535 1645 566 1728; x_wconf 63' lang='grc' dir='ltr'><strong>ἓ.</strong></span> <span class='ocrx_word' id='word_1_128' title='bbox 592 1644 641 1710; x_wconf 89' lang='grc'><strong>10.</strong></span> <span class='ocrx_word' id='word_1_129' title='bbox 676 1647 801 1711; x_wconf 85' lang='lat' dir='ltr'><strong>Praeter</strong></span> <span class='ocrx_word' id='word_1_130' title='bbox 824 1666 890 1720; x_wconf 89' lang='lat' dir='ltr'><strong>eos,</strong></span> <span class='ocrx_word' id='word_1_131' title='bbox 921 1665 1052 1729; x_wconf 92' lang='lat' dir='ltr'><strong>quorum</strong></span> <span class='ocrx_word' id='word_1_132' title='bbox 1079 1647 1227 1710; x_wconf 88' lang='lat' dir='ltr'><strong>hactenus</strong></span> <span class='ocrx_word' id='word_1_133' title='bbox 1249 1646 1437 1708; x_wconf 89' lang='lat' dir='ltr'><strong>mentionem</strong></span> <span class='ocrx_word' id='word_1_134' title='bbox 1460 1643 1531 1721; x_wconf 90' lang='lat' dir='ltr'><strong>leci,</strong></span> <span class='ocrx_word' id='word_1_135' title='bbox 1564 1646 1712 1726; x_wconf 88' lang='lat' dir='ltr'><strong>imprimis</strong></span> <span class='ocrx_word' id='word_1_136' title='bbox 1741 1649 1772 1709; x_wconf 93' lang='lat' dir='ltr'><strong>in</strong></span> <span class='ocrx_word' id='word_1_137' title='bbox 1802 1666 1929 1710; x_wconf 90' lang='lat' dir='ltr'><strong>censum</strong></span> <span class='ocrx_word' id='word_1_138' title='bbox 1955 1664 2015 1709; x_wconf 84' lang='lat' dir='ltr'><strong>ven</strong></span> 
     </span>
     <span class='ocr_line' id='line_1_14' title="bbox 408 1759 2015 1845; baseline -0.002 -17"><span class='ocrx_word' id='word_1_139' title='bbox 408 1759 544 1842; x_wconf 83' lang='lat' dir='ltr'><strong>mius‘),</strong></span> <span class='ocrx_word' id='word_1_140' title='bbox 574 1781 665 1845; x_wconf 90' lang='lat' dir='ltr'><strong>quem</strong></span> <span class='ocrx_word' id='word_1_141' title='bbox 695 1765 809 1843; x_wconf 90' lang='lat' dir='ltr'><strong>optime</strong></span> <span class='ocrx_word' id='word_1_142' title='bbox 840 1782 876 1825; x_wconf 92' lang='lat' dir='ltr'><strong>ac</strong></span> <span class='ocrx_word' id='word_1_143' title='bbox 904 1781 1023 1826; x_wconf 89' lang='lat' dir='ltr'><strong>summa</strong></span> <span class='ocrx_word' id='word_1_144' title='bbox 1045 1762 1204 1843; x_wconf 88' lang='lat' dir='ltr'><strong>diligentia</strong></span> <span class='ocrx_word' id='word_1_145' title='bbox 1226 1761 1266 1825; x_wconf 91' lang='lat' dir='ltr'><strong>de</strong></span> <span class='ocrx_word' id='word_1_146' title='bbox 1288 1760 1447 1825; x_wconf 88' lang='lat' dir='ltr'><strong>Alcestide</strong></span> <span class='ocrx_word' id='word_1_147' title='bbox 1470 1763 1657 1844; x_wconf 81' lang='lat' dir='ltr'><strong>explicuisse</strong></span> <span class='ocrx_word' id='word_1_148' title='bbox 1680 1783 1720 1825; x_wconf 92' lang='lat' dir='ltr'><strong>ex</strong></span> <span class='ocrx_word' id='word_1_149' title='bbox 1741 1762 1934 1826; x_wconf 87' lang='lat' dir='ltr'><strong>Witzschelii</strong></span> <span class='ocrx_word' id='word_1_150' title='bbox 1956 1781 2015 1844; x_wconf 83' lang='lat' dir='ltr'><strong>pra·</strong></span> 
     </span>
     <span class='ocr_line' id='line_1_15' title="bbox 409 1876 2011 1962; baseline -0.002 -18"><span class='ocrx_word' id='word_1_151' title='bbox 409 1881 448 1944; x_wconf 90' lang='lat' dir='ltr'><strong>ad</strong></span> <span class='ocrx_word' id='word_1_152' title='bbox 471 1880 638 1945; x_wconf 88' lang='lat' dir='ltr'><strong>editionem</strong></span> <span class='ocrx_word' id='word_1_153' title='bbox 661 1880 782 1945; x_wconf 89' lang='lat' dir='ltr'><strong>fabulae</strong></span> <span class='ocrx_word' id='word_1_154' title='bbox 799 1881 988 1962; x_wconf 76' lang='lat' dir='ltr'><strong>intelligitur.</strong></span> <span class='ocrx_word' id='word_1_155' title='bbox 1011 1880 1056 1943; x_wconf 92' lang='lat' dir='ltr'><strong>Eo</strong></span> <span class='ocrx_word' id='word_1_156' title='bbox 1081 1879 1179 1960; x_wconf 88' lang='lat' dir='ltr'><strong>magis</strong></span> <span class='ocrx_word' id='word_1_157' title='bbox 1202 1886 1303 1943; x_wconf 89' lang='lat' dir='ltr'><strong>autem</strong></span> <span class='ocrx_word' id='word_1_158' title='bbox 1326 1876 1490 1942; x_wconf 89' lang='lat' dir='ltr'><strong>dolendum</strong></span> <span class='ocrx_word' id='word_1_159' title='bbox 1514 1879 1587 1942; x_wconf 90' lang='lat' dir='ltr'><strong>mihi</strong></span> <span class='ocrx_word' id='word_1_160' title='bbox 1610 1888 1667 1953; x_wconf 91' lang='lat' dir='ltr'><strong>est,</strong></span> <span class='ocrx_word' id='word_1_161' title='bbox 1690 1879 1771 1943; x_wconf 90' lang='lat' dir='ltr'><strong>idem</strong></span> <span class='ocrx_word' id='word_1_162' title='bbox 1794 1879 1866 1942; x_wconf 91' lang='lat' dir='ltr'><strong>mihi</strong></span> <span class='ocrx_word' id='word_1_163' title='bbox 1880 1879 2011 1942; x_wconf 89' lang='lat' dir='ltr'><strong>accidiss</strong></span> 
     </span>
     <span class='ocr_line' id='line_1_16' title="bbox 409 1992 2014 2079; baseline -0.003 -17"><span class='ocrx_word' id='word_1_164' title='bbox 409 1998 478 2063; x_wconf 87' lang='lat' dir='ltr'><strong>aliis</strong></span> <span class='ocrx_word' id='word_1_165' title='bbox 500 2015 623 2079; x_wconf 91' lang='lat' dir='ltr'><strong>quoque</strong></span> <span class='ocrx_word' id='word_1_166' title='bbox 646 1996 767 2070; x_wconf 87' lang='lat' dir='ltr'><strong>accidit,</strong></span> <span class='ocrx_word' id='word_1_167' title='bbox 793 2005 827 2060; x_wconf 90' lang='lat' dir='ltr'><strong>ut</strong></span> <span class='ocrx_word' id='word_1_168' title='bbox 848 1997 942 2061; x_wconf 90' lang='lat' dir='ltr'><strong>libelli</strong></span> <span class='ocrx_word' id='word_1_169' title='bbox 971 1996 1063 2078; x_wconf 87' lang='lat' dir='ltr'><strong>hujus</strong></span> <span class='ocrx_word' id='word_1_170' title='bbox 1087 1995 1238 2060; x_wconf 87' lang='lat' dir='ltr'><strong>Glumiani</strong></span> <span class='ocrx_word' id='word_1_171' title='bbox 1260 1992 1458 2058; x_wconf 86' lang='lat' dir='ltr'><strong>nanciscendi</strong></span> <span class='ocrx_word' id='word_1_172' title='bbox 1481 1996 1570 2077; x_wconf 90' lang='lat' dir='ltr'><strong>copia</strong></span> <span class='ocrx_word' id='word_1_173' title='bbox 1592 1997 1665 2059; x_wconf 91' lang='lat' dir='ltr'><strong>mihi</strong></span> <span class='ocrx_word' id='word_1_174' title='bbox 1686 2015 1748 2059; x_wconf 89' lang='lat' dir='ltr'><strong>non</strong></span> <span class='ocrx_word' id='word_1_175' title='bbox 1771 1995 1849 2059; x_wconf 89' lang='lat' dir='ltr'><strong>lacta</strong></span> <span class='ocrx_word' id='word_1_176' title='bbox 1870 1997 1918 2059; x_wconf 91' lang='lat' dir='ltr'><strong>sit.</strong></span> <span class='ocrx_word' id='word_1_177' title='bbox 1954 1996 2014 2059; x_wconf 87' lang='lat' dir='ltr'><strong>Sati</strong></span> 
     </span>
     <span class='ocr_line' id='line_1_17' title="bbox 408 2111 1992 2195; baseline -0.004 -15"><span class='ocrx_word' id='word_1_178' title='bbox 408 2114 510 2181; x_wconf 89' lang='lat' dir='ltr'><strong>babeo</strong></span> <span class='ocrx_word' id='word_1_179' title='bbox 532 2115 601 2195; x_wconf 90' lang='lat' dir='ltr'><strong>ejus</strong></span> <span class='ocrx_word' id='word_1_180' title='bbox 623 2115 812 2177; x_wconf 90' lang='lat' dir='ltr'><strong>mentionem</strong></span> <span class='ocrx_word' id='word_1_181' title='bbox 836 2113 941 2177; x_wconf 87' lang='lat' dir='ltr'><strong>iacere</strong></span> <span class='ocrx_word' id='word_1_182' title='bbox 964 2131 1094 2194; x_wconf 87' lang='lat' dir='ltr'><strong>eosque,</strong></span> <span class='ocrx_word' id='word_1_183' title='bbox 1125 2111 1238 2194; x_wconf 91' lang='lat' dir='ltr'><strong>quide</strong></span> <span class='ocrx_word' id='word_1_184' title='bbox 1261 2111 1524 2175; x_wconf 86' lang='lat' dir='ltr'><strong>commentationis</strong></span> <span class='ocrx_word' id='word_1_185' title='bbox 1546 2120 1728 2195; x_wconf 87' lang='lat' dir='ltr'><strong>argumento</strong></span> <span class='ocrx_word' id='word_1_186' title='bbox 1750 2114 1900 2176; x_wconf 89' lang='lat' dir='ltr'><strong>certiores</strong></span> <span class='ocrx_word' id='word_1_187' title='bbox 1924 2112 1992 2176; x_wconf 89' lang='lat' dir='ltr'><strong>fieri</strong></span> 
     </span>
     <span class='ocr_line' id='line_1_18' title="bbox 408 2224 2015 2311; baseline -0.004 -16"><span class='ocrx_word' id='word_1_188' title='bbox 408 2230 447 2295; x_wconf 92' lang='lat' dir='ltr'><strong>ad</strong></span> <span class='ocrx_word' id='word_1_189' title='bbox 469 2229 700 2293; x_wconf 84' lang='lat' dir='ltr'><strong>Witzschelium</strong></span> <span class='ocrx_word' id='word_1_190' title='bbox 725 2238 755 2293; x_wconf 91' lang='lat' dir='ltr'><strong>et</strong></span> <span class='ocrx_word' id='word_1_191' title='bbox 775 2224 1031 2304; x_wconf 76' lang='lat' dir='ltr'><strong>Eirnhaberum³l</strong></span> <span class='ocrx_word' id='word_1_192' title='bbox 1054 2228 1213 2310; x_wconf 87' lang='lat' dir='ltr'><strong>delegare,</strong></span> <span class='ocrx_word' id='word_1_193' title='bbox 1248 2246 1378 2308; x_wconf 90' lang='lat' dir='ltr'><strong>qnorum</strong></span> <span class='ocrx_word' id='word_1_194' title='bbox 1406 2236 1536 2310; x_wconf 91' lang='lat' dir='ltr'><strong>uterque</strong></span> <span class='ocrx_word' id='word_1_195' title='bbox 1564 2228 1603 2292; x_wconf 91' lang='lat' dir='ltr'><strong>de</strong></span> <span class='ocrx_word' id='word_1_196' title='bbox 1626 2248 1665 2292; x_wconf 92' lang='lat' dir='ltr'><strong>eo</strong></span> <span class='ocrx_word' id='word_1_197' title='bbox 1688 2228 1861 2311; x_wconf 82' lang='lat' dir='ltr'><strong>disputarit.</strong></span> <span class='ocrx_word' id='word_1_198' title='bbox 1890 2261 1932 2272; x_wconf 89' lang='lat'>—</span> <span class='ocrx_word' id='word_1_199' title='bbox 1960 2229 2015 2292; x_wconf 77' lang='lat' dir='ltr'><strong>Ner</strong></span> 
     </span>
     <span class='ocr_line' id='line_1_19' title="bbox 409 2342 2015 2428; baseline -0.003 -15"><span class='ocrx_word' id='word_1_200' title='bbox 409 2348 499 2428; x_wconf 89' lang='lat' dir='ltr'><strong>copia</strong></span> <span class='ocrx_word' id='word_1_201' title='bbox 520 2346 593 2409; x_wconf 90' lang='lat' dir='ltr'><strong>mihi</strong></span> <span class='ocrx_word' id='word_1_202' title='bbox 616 2345 696 2408; x_wconf 87' lang='lat' dir='ltr'><strong>iacta</strong></span> <span class='ocrx_word' id='word_1_203' title='bbox 719 2354 767 2408; x_wconf 91' lang='lat' dir='ltr'><strong>est</strong></span> <span class='ocrx_word' id='word_1_204' title='bbox 788 2344 981 2428; x_wconf 89' lang='lat' dir='ltr'><strong>perlegendi,</strong></span> <span class='ocrx_word' id='word_1_205' title='bbox 1006 2364 1086 2427; x_wconf 90' lang='lat' dir='ltr'><strong>quae</strong></span> <span class='ocrx_word' id='word_1_206' title='bbox 1109 2344 1148 2406; x_wconf 91' lang='lat' dir='ltr'><strong>de</strong></span> <span class='ocrx_word' id='word_1_207' title='bbox 1169 2343 1328 2408; x_wconf 90' lang='lat' dir='ltr'><strong>Alcestide</strong></span> <span class='ocrx_word' id='word_1_208' title='bbox 1351 2343 1542 2425; x_wconf 90' lang='lat' dir='ltr'><strong>disputarunt</strong></span> <span class='ocrx_word' id='word_1_209' title='bbox 1563 2342 1740 2424; x_wconf 73' lang='lat' dir='ltr'><strong>Bremius⁶l</strong></span> <span class='ocrx_word' id='word_1_210' title='bbox 1763 2355 1794 2409; x_wconf 89' lang='lat' dir='ltr'><strong>et</strong></span> <span class='ocrx_word' id='word_1_211' title='bbox 1815 2342 2015 2424; x_wconf 76' lang='lat' dir='ltr'><strong>itendixen²).</strong></span> 
     </span>
    </p>

    <p class='ocr_par' dir='ltr' id='par_1_5' title="bbox 408 2456 2015 4293">
     <span class='ocr_line' id='line_1_20' title="bbox 536 2456 2015 2544; baseline 0.001 -24"><span class='ocrx_word' id='word_1_212' title='bbox 536 2457 567 2539; x_wconf 64' lang='grc' dir='ltr'><strong>ἓ.</strong></span> <span class='ocrx_word' id='word_1_213' title='bbox 593 2456 642 2521; x_wconf 90' lang='grc'><strong>11.</strong></span> <span class='ocrx_word' id='word_1_214' title='bbox 666 2461 809 2522; x_wconf 82' lang='lat' dir='ltr'><strong>Ceterum</strong></span> <span class='ocrx_word' id='word_1_215' title='bbox 833 2478 872 2522; x_wconf 91' lang='lat' dir='ltr'><strong>ne</strong></span> <span class='ocrx_word' id='word_1_216' title='bbox 894 2468 965 2540; x_wconf 90' lang='lat' dir='ltr'><strong>post</strong></span> <span class='ocrx_word' id='word_1_217' title='bbox 985 2467 1144 2541; x_wconf 89' lang='lat' dir='ltr'><strong>repertum</strong></span> <span class='ocrx_word' id='word_1_218' title='bbox 1159 2458 1283 2540; x_wconf 89' lang='lat' dir='ltr'><strong>quidem</strong></span> <span class='ocrx_word' id='word_1_219' title='bbox 1295 2461 1436 2524; x_wconf 87' lang='lat' dir='ltr'><strong>scholion</strong></span> <span class='ocrx_word' id='word_1_220' title='bbox 1447 2459 1623 2524; x_wconf 89' lang='lat' dir='ltr'><strong>Vaticanum</strong></span> <span class='ocrx_word' id='word_1_221' title='bbox 1635 2461 1810 2534; x_wconf 81' lang='lat' dir='ltr'><strong>defuerunt,</strong></span> <span class='ocrx_word' id='word_1_222' title='bbox 1833 2461 1885 2544; x_wconf 95' lang='lat' dir='ltr'><strong>qui</strong></span> <span class='ocrx_word' id='word_1_223' title='bbox 1907 2461 1946 2524; x_wconf 92' lang='lat' dir='ltr'><strong>ad</strong></span> <span class='ocrx_word' id='word_1_224' title='bbox 1968 2470 2015 2523; x_wconf 79' lang='lat' dir='ltr'><strong>tra</strong></span> 
     </span>
     <span class='ocr_line' id='line_1_21' title="bbox 409 2572 2015 2661; baseline 0.002 -23"><span class='ocrx_word' id='word_1_225' title='bbox 409 2572 576 2638; x_wconf 89' lang='lat' dir='ltr'><strong>Alcestidis</strong></span> <span class='ocrx_word' id='word_1_226' title='bbox 605 2573 741 2638; x_wconf 90' lang='lat' dir='ltr'><strong>indolem</strong></span> <span class='ocrx_word' id='word_1_227' title='bbox 770 2574 908 2639; x_wconf 89' lang='lat' dir='ltr'><strong>redirent</strong></span> <span class='ocrx_word' id='word_1_228' title='bbox 938 2576 1079 2658; x_wconf 88' lang='lat' dir='ltr'><strong>hancque</strong></span> <span class='ocrx_word' id='word_1_229' title='bbox 1110 2575 1224 2638; x_wconf 88' lang='lat' dir='ltr'><strong>acriter</strong></span> <span class='ocrx_word' id='word_1_230' title='bbox 1252 2574 1424 2641; x_wconf 82' lang='lat' dir='ltr'><strong>defendere</strong></span> <span class='ocrx_word' id='word_1_231' title='bbox 1447 2585 1641 2641; x_wconf 89' lang='lat' dir='ltr'><strong>conarentur.</strong></span> <span class='ocrx_word' id='word_1_232' title='bbox 1674 2578 1740 2641; x_wconf 89' lang='lat' dir='ltr'><strong>Huc</strong></span> <span class='ocrx_word' id='word_1_233' title='bbox 1768 2580 1902 2661; x_wconf 87' lang='lat' dir='ltr'><strong>pertinet</strong></span> <span class='ocrx_word' id='word_1_234' title='bbox 1930 2579 2015 2642; x_wconf 86' lang='lat' dir='ltr'><strong>Eirn</strong></span> 
     </span>
     <span class='ocr_line' id='line_1_22' title="bbox 410 2695 2011 2780; baseline -0.001 -20"><span class='ocrx_word' id='word_1_235' title='bbox 410 2696 463 2778; x_wconf 92' lang='lat' dir='ltr'><strong>qui</strong></span> <span class='ocrx_word' id='word_1_236' title='bbox 484 2703 590 2759; x_wconf 91' lang='lat' dir='ltr'><strong>contra</strong></span> <span class='ocrx_word' id='word_1_237' title='bbox 613 2696 764 2761; x_wconf 89' lang='lat' dir='ltr'><strong>Glumium</strong></span> <span class='ocrx_word' id='word_1_238' title='bbox 787 2697 921 2780; x_wconf 90' lang='lat' dir='ltr'><strong>probare</strong></span> <span class='ocrx_word' id='word_1_239' title='bbox 944 2695 1045 2761; x_wconf 91' lang='lat' dir='ltr'><strong>studet</strong></span> <span class='ocrx_word' id='word_1_240' title='bbox 1068 2715 1136 2760; x_wconf 88' lang='lat' dir='ltr'><strong>cum</strong></span> <span class='ocrx_word' id='word_1_241' title='bbox 1161 2695 1283 2760; x_wconf 84' lang='lat' dir='ltr'><strong>fabulae</strong></span> <span class='ocrx_word' id='word_1_242' title='bbox 1306 2696 1449 2776; x_wconf 81' lang='lat' dir='ltr'><strong>mythum,</strong></span> <span class='ocrx_word' id='word_1_243' title='bbox 1480 2714 1572 2777; x_wconf 89' lang='lat' dir='ltr'><strong>quem</strong></span> <span class='ocrx_word' id='word_1_244' title='bbox 1594 2704 1714 2769; x_wconf 86' lang='lat' dir='ltr'><strong>uocant,</strong></span> <span class='ocrx_word' id='word_1_245' title='bbox 1744 2715 1802 2778; x_wconf 91' lang='lat' dir='ltr'><strong>per</strong></span> <span class='ocrx_word' id='word_1_246' title='bbox 1824 2715 1860 2761; x_wconf 90' lang='lat' dir='ltr'><strong>se</strong></span> <span class='ocrx_word' id='word_1_247' title='bbox 1882 2696 2011 2760; x_wconf 89' lang='lat' dir='ltr'><strong>cothurn</strong></span> 
     </span>
     <span class='ocr_line' id='line_1_23' title="bbox 409 2811 2013 2894; baseline 0 -18"><span class='ocrx_word' id='word_1_248' title='bbox 409 2814 521 2876; x_wconf 87' lang='lat' dir='ltr'><strong>simum</strong></span> <span class='ocrx_word' id='word_1_249' title='bbox 543 2829 626 2883; x_wconf 89' lang='lat' dir='ltr'><strong>esse,</strong></span> <span class='ocrx_word' id='word_1_250' title='bbox 654 2819 718 2875; x_wconf 91' lang='lat' dir='ltr'><strong>tum</strong></span> <span class='ocrx_word' id='word_1_251' title='bbox 747 2831 787 2875; x_wconf 91' lang='lat' dir='ltr'><strong>ne</strong></span> <span class='ocrx_word' id='word_1_252' title='bbox 809 2812 1007 2894; x_wconf 82' lang='lat' dir='ltr'><strong>Euripideum</strong></span> <span class='ocrx_word' id='word_1_253' title='bbox 1038 2811 1161 2894; x_wconf 92' lang='lat' dir='ltr'><strong>quidem</strong></span> <span class='ocrx_word' id='word_1_254' title='bbox 1191 2811 1324 2875; x_wconf 89' lang='lat' dir='ltr'><strong>fabulam</strong></span> <span class='ocrx_word' id='word_1_255' title='bbox 1346 2830 1363 2873; x_wconf 93' lang='lat' dir='ltr'><strong>a</strong></span> <span class='ocrx_word' id='word_1_256' title='bbox 1385 2811 1566 2892; x_wconf 78' lang='lat' dir='ltr'><strong>tragoediae</strong></span> <span class='ocrx_word' id='word_1_257' title='bbox 1589 2814 1705 2876; x_wconf 90' lang='lat' dir='ltr'><strong>normis</strong></span> <span class='ocrx_word' id='word_1_258' title='bbox 1727 2831 1764 2875; x_wconf 92' lang='lat' dir='ltr'><strong>ac</strong></span> <span class='ocrx_word' id='word_1_259' title='bbox 1785 2812 1908 2894; x_wconf 88' lang='lat' dir='ltr'><strong>legibus</strong></span> <span class='ocrx_word' id='word_1_260' title='bbox 1931 2813 2013 2876; x_wconf 90' lang='lat' dir='ltr'><strong>abho</strong></span> 
     </span>
     <span class='ocr_line' id='line_1_24' title="bbox 411 2926 2014 3011; baseline 0.002 -24"><span class='ocrx_word' id='word_1_261' title='bbox 411 2926 548 2999; x_wconf 77' lang='lat' dir='ltr'><strong>Quorum</strong></span> <span class='ocrx_word' id='word_1_262' title='bbox 571 2927 700 2989; x_wconf 89' lang='lat' dir='ltr'><strong>alterum</strong></span> <span class='ocrx_word' id='word_1_263' title='bbox 723 2928 932 3001; x_wconf 87' lang='lat' dir='ltr'><strong>concedimus,</strong></span> <span class='ocrx_word' id='word_1_264' title='bbox 964 2929 1093 2991; x_wconf 89' lang='lat' dir='ltr'><strong>alterum</strong></span> <span class='ocrx_word' id='word_1_265' title='bbox 1115 2946 1276 3009; x_wconf 90' lang='lat' dir='ltr'><strong>negamus.</strong></span> <span class='ocrx_word' id='word_1_266' title='bbox 1309 2929 1385 2992; x_wconf 88' lang='lat' dir='ltr'><strong>Nam</strong></span> <span class='ocrx_word' id='word_1_267' title='bbox 1414 2929 1504 2992; x_wconf 88' lang='lat' dir='ltr'><strong>lacile</strong></span> <span class='ocrx_word' id='word_1_268' title='bbox 1526 2936 1647 3010; x_wconf 90' lang='lat' dir='ltr'><strong>poterat</strong></span> <span class='ocrx_word' id='word_1_269' title='bbox 1668 2939 1769 3011; x_wconf 90' lang='lat' dir='ltr'><strong>poeta,</strong></span> <span class='ocrx_word' id='word_1_270' title='bbox 1793 2930 1957 2995; x_wconf 90' lang='lat' dir='ltr'><strong>dummodo</strong></span> <span class='ocrx_word' id='word_1_271' title='bbox 1988 2951 2014 2993; x_wconf 87' lang='lat' dir='ltr'><strong>m</strong></span> 
     </span>
     <span class='ocr_line' id='line_1_25' title="bbox 409 3038 2011 3129; baseline 0.004 -25"><span class='ocrx_word' id='word_1_272' title='bbox 409 3038 531 3104; x_wconf 87' lang='lat' dir='ltr'><strong>fabulae</strong></span> <span class='ocrx_word' id='word_1_273' title='bbox 554 3042 766 3106; x_wconf 87' lang='lat' dir='ltr'><strong>oeconomiam</strong></span> <span class='ocrx_word' id='word_1_274' title='bbox 790 3043 830 3106; x_wconf 92' lang='lat' dir='ltr'><strong>ita</strong></span> <span class='ocrx_word' id='word_1_275' title='bbox 852 3044 1022 3115; x_wconf 90' lang='lat' dir='ltr'><strong>instituere,</strong></span> <span class='ocrx_word' id='word_1_276' title='bbox 1054 3051 1087 3107; x_wconf 88' lang='lat' dir='ltr'><strong>ut</strong></span> <span class='ocrx_word' id='word_1_277' title='bbox 1107 3062 1214 3125; x_wconf 91' lang='lat' dir='ltr'><strong>puram</strong></span> <span class='ocrx_word' id='word_1_278' title='bbox 1236 3053 1338 3125; x_wconf 91' lang='lat' dir='ltr'><strong>putam</strong></span> <span class='ocrx_word' id='word_1_279' title='bbox 1360 3046 1551 3127; x_wconf 87' lang='lat' dir='ltr'><strong>tragoediam</strong></span> <span class='ocrx_word' id='word_1_280' title='bbox 1574 3055 1785 3128; x_wconf 87' lang='lat' dir='ltr'><strong>componeret,</strong></span> <span class='ocrx_word' id='word_1_281' title='bbox 1813 3049 1854 3111; x_wconf 92' lang='lat' dir='ltr'><strong>ita</strong></span> <span class='ocrx_word' id='word_1_282' title='bbox 1877 3047 2011 3129; x_wconf 85' lang='lat' dir='ltr'><strong>quidem,</strong></span> 
     </span>
     <span class='ocr_line' id='line_1_26' title="bbox 409 3155 2013 3245; baseline 0.002 -27"><span class='ocrx_word' id='word_1_283' title='bbox 409 3157 508 3219; x_wconf 88' lang='lat' dir='ltr'><strong>cestin</strong></span> <span class='ocrx_word' id='word_1_284' title='bbox 529 3155 629 3220; x_wconf 88' lang='lat' dir='ltr'><strong>inscio</strong></span> <span class='ocrx_word' id='word_1_285' title='bbox 652 3158 761 3221; x_wconf 88' lang='lat' dir='ltr'><strong>marito</strong></span> <span class='ocrx_word' id='word_1_286' title='bbox 783 3177 819 3222; x_wconf 89' lang='lat' dir='ltr'><strong>se</strong></span> <span class='ocrx_word' id='word_1_287' title='bbox 842 3158 1047 3222; x_wconf 89' lang='lat' dir='ltr'><strong>devoventem</strong></span> <span class='ocrx_word' id='word_1_288' title='bbox 1069 3159 1189 3222; x_wconf 85' lang='lat' dir='ltr'><strong>laceret</strong></span> <span class='ocrx_word' id='word_1_289' title='bbox 1210 3179 1378 3244; x_wconf 87' lang='lat' dir='ltr'><strong>moresque</strong></span> <span class='ocrx_word' id='word_1_290' title='bbox 1389 3162 1512 3226; x_wconf 92' lang='lat' dir='ltr'><strong>Admeti</strong></span> <span class='ocrx_word' id='word_1_291' title='bbox 1529 3164 1689 3227; x_wconf 89' lang='lat' dir='ltr'><strong>meliorem</strong></span> <span class='ocrx_word' id='word_1_292' title='bbox 1712 3165 1743 3226; x_wconf 90' lang='lat' dir='ltr'><strong>in</strong></span> <span class='ocrx_word' id='word_1_293' title='bbox 1765 3171 1882 3245; x_wconf 83' lang='lat' dir='ltr'><strong>partem</strong></span> <span class='ocrx_word' id='word_1_294' title='bbox 1904 3163 2013 3244; x_wconf 76' lang='lat' dir='ltr'><strong>paululi</strong></span> 
     </span>
     <span class='ocr_line' id='line_1_27' title="bbox 408 3273 2013 3361; baseline 0.004 -26"><span class='ocrx_word' id='word_1_295' title='bbox 408 3279 496 3335; x_wconf 90' lang='lat' dir='ltr'><strong>taret.</strong></span> <span class='ocrx_word' id='word_1_296' title='bbox 520 3273 582 3337; x_wconf 85' lang='lat' dir='ltr'><strong>Sed</strong></span> <span class='ocrx_word' id='word_1_297' title='bbox 603 3273 742 3355; x_wconf 87' lang='lat' dir='ltr'><strong>neglexit</strong></span> <span class='ocrx_word' id='word_1_298' title='bbox 763 3276 793 3338; x_wconf 94' lang='lat' dir='ltr'><strong>id</strong></span> <span class='ocrx_word' id='word_1_299' title='bbox 815 3275 978 3357; x_wconf 87' lang='lat' dir='ltr'><strong>Euripides</strong></span> <span class='ocrx_word' id='word_1_300' title='bbox 1001 3285 1061 3353; x_wconf 89' lang='lat' dir='ltr'><strong>aut,</strong></span> <span class='ocrx_word' id='word_1_301' title='bbox 1085 3286 1118 3340; x_wconf 92' lang='lat' dir='ltr'><strong>ut</strong></span> <span class='ocrx_word' id='word_1_302' title='bbox 1139 3281 1255 3343; x_wconf 89' lang='lat' dir='ltr'><strong>rectius</strong></span> <span class='ocrx_word' id='word_1_303' title='bbox 1278 3280 1396 3361; x_wconf 88' lang='lat' dir='ltr'><strong>loquar,</strong></span> <span class='ocrx_word' id='word_1_304' title='bbox 1420 3280 1467 3341; x_wconf 91' lang='lat' dir='ltr'><strong>sic</strong></span> <span class='ocrx_word' id='word_1_305' title='bbox 1489 3277 1594 3341; x_wconf 88' lang='lat' dir='ltr'><strong>lacere</strong></span> <span class='ocrx_word' id='word_1_306' title='bbox 1617 3279 1721 3342; x_wconf 88' lang='lat' dir='ltr'><strong>noluit.</strong></span> <span class='ocrx_word' id='word_1_307' title='bbox 1742 3280 1848 3361; x_wconf 91' lang='lat' dir='ltr'><strong>ltaque</strong></span> <span class='ocrx_word' id='word_1_308' title='bbox 1871 3280 1965 3343; x_wconf 90' lang='lat' dir='ltr'><strong>altera</strong></span> <span class='ocrx_word' id='word_1_309' title='bbox 1987 3279 2013 3343; x_wconf 90' lang='lat' dir='ltr'><strong>ill</strong></span> 
     </span>
     <span class='ocr_line' id='line_1_28' title="bbox 408 3389 2004 3477; baseline 0.003 -24"><span class='ocrx_word' id='word_1_310' title='bbox 408 3389 515 3455; x_wconf 88' lang='lat' dir='ltr'><strong>baberi</strong></span> <span class='ocrx_word' id='word_1_311' title='bbox 538 3391 700 3464; x_wconf 88' lang='lat' dir='ltr'><strong>sententia,</strong></span> <span class='ocrx_word' id='word_1_312' title='bbox 729 3411 789 3473; x_wconf 91' lang='lat' dir='ltr'><strong>qua</strong></span> <span class='ocrx_word' id='word_1_313' title='bbox 817 3395 957 3458; x_wconf 86' lang='lat' dir='ltr'><strong>Alcestin</strong></span> <span class='ocrx_word' id='word_1_314' title='bbox 978 3395 1171 3477; x_wconf 89' lang='lat' dir='ltr'><strong>tragoediam</strong></span> <span class='ocrx_word' id='word_1_315' title='bbox 1194 3414 1267 3460; x_wconf 90' lang='lat' dir='ltr'><strong>esse</strong></span> <span class='ocrx_word' id='word_1_316' title='bbox 1289 3397 1401 3467; x_wconf 85' lang='lat' dir='ltr'><strong>statuit,</strong></span> <span class='ocrx_word' id='word_1_317' title='bbox 1431 3414 1489 3476; x_wconf 87' lang='lat' dir='ltr'><strong>per</strong></span> <span class='ocrx_word' id='word_1_318' title='bbox 1516 3414 1551 3459; x_wconf 92' lang='lat' dir='ltr'><strong>se</strong></span> <span class='ocrx_word' id='word_1_319' title='bbox 1577 3395 1615 3460; x_wconf 89' lang='lat' dir='ltr'><strong>ad</strong></span> <span class='ocrx_word' id='word_1_320' title='bbox 1641 3396 1767 3459; x_wconf 89' lang='lat' dir='ltr'><strong>nihilum</strong></span> <span class='ocrx_word' id='word_1_321' title='bbox 1788 3395 1908 3461; x_wconf 87' lang='lat' dir='ltr'><strong>recidit.</strong></span> <span class='ocrx_word' id='word_1_322' title='bbox 1942 3396 2004 3460; x_wconf 89' lang='lat' dir='ltr'><strong>Sed</strong></span> 
     </span>
     <span class='ocr_line' id='line_1_29' title="bbox 409 3505 2012 3586; baseline 0.003 -17"><span class='ocrx_word' id='word_1_323' title='bbox 409 3506 581 3570; x_wconf 86' lang='lat' dir='ltr'><strong>accuratius</strong></span> <span class='ocrx_word' id='word_1_324' title='bbox 604 3505 685 3571; x_wconf 87' lang='lat' dir='ltr'><strong>iulra</strong></span> <span class='ocrx_word' id='word_1_325' title='bbox 708 3507 889 3573; x_wconf 88' lang='lat' dir='ltr'><strong>videbimus.</strong></span> <span class='ocrx_word' id='word_1_326' title='bbox 913 3544 951 3555; x_wconf 94' lang='lat'><em>-</em></span> <span class='ocrx_word' id='word_1_327' title='bbox 976 3512 1119 3576; x_wconf 87' lang='lat' dir='ltr'><strong>Ceterum</strong></span> <span class='ocrx_word' id='word_1_328' title='bbox 1142 3511 1508 3576; x_wconf 86' lang='lat' dir='ltr'><strong>arbitrorEirnhaberum</strong></span> <span class='ocrx_word' id='word_1_329' title='bbox 1530 3511 1624 3586; x_wconf 87' lang='lat' dir='ltr'><strong>(bona</strong></span> <span class='ocrx_word' id='word_1_330' title='bbox 1647 3513 1846 3576; x_wconf 85' lang='lat' dir='ltr'><strong>celeberrimi</strong></span> <span class='ocrx_word' id='word_1_331' title='bbox 1868 3514 1927 3577; x_wconf 84' lang='lat' dir='ltr'><strong>riri</strong></span> <span class='ocrx_word' id='word_1_332' title='bbox 1950 3531 2012 3577; x_wconf 87' lang='lat' dir='ltr'><strong>ven:</strong></span> 
     </span>
     <span class='ocr_line' id='line_1_30' title="bbox 410 3623 2012 3711; baseline 0.005 -26"><span class='ocrx_word' id='word_1_333' title='bbox 410 3623 483 3697; x_wconf 87' lang='lat' dir='ltr'><strong>rim)</strong></span> <span class='ocrx_word' id='word_1_334' title='bbox 504 3642 561 3704; x_wconf 90' lang='lat' dir='ltr'><strong>pro</strong></span> <span class='ocrx_word' id='word_1_335' title='bbox 586 3624 699 3688; x_wconf 89' lang='lat' dir='ltr'><strong>eximio</strong></span> <span class='ocrx_word' id='word_1_336' title='bbox 723 3644 780 3690; x_wconf 92' lang='lat' dir='ltr'><strong>suo</strong></span> <span class='ocrx_word' id='word_1_337' title='bbox 803 3635 914 3707; x_wconf 86' lang='lat' dir='ltr'><strong>poetae</strong></span> <span class='ocrx_word' id='word_1_338' title='bbox 938 3646 1045 3693; x_wconf 88' lang='lat' dir='ltr'><strong>amore</strong></span> <span class='ocrx_word' id='word_1_339' title='bbox 1079 3631 1172 3692; x_wconf 91' lang='lat' dir='ltr'><strong>nimia</strong></span> <span class='ocrx_word' id='word_1_340' title='bbox 1198 3628 1388 3710; x_wconf 90' lang='lat' dir='ltr'><strong>indulgentia</strong></span> <span class='ocrx_word' id='word_1_341' title='bbox 1410 3646 1499 3691; x_wconf 90' lang='lat' dir='ltr'><strong>usum</strong></span> <span class='ocrx_word' id='word_1_342' title='bbox 1528 3648 1610 3702; x_wconf 90' lang='lat' dir='ltr'><strong>esse,</strong></span> <span class='ocrx_word' id='word_1_343' title='bbox 1640 3648 1699 3711; x_wconf 91' lang='lat' dir='ltr'><strong>qua</strong></span> <span class='ocrx_word' id='word_1_344' title='bbox 1725 3638 1827 3694; x_wconf 88' lang='lat' dir='ltr'><strong>tamen</strong></span> <span class='ocrx_word' id='word_1_345' title='bbox 1861 3648 1900 3693; x_wconf 92' lang='lat' dir='ltr'><strong>eo</strong></span> <span class='ocrx_word' id='word_1_346' title='bbox 1933 3631 2012 3693; x_wconf 74' lang='lat' dir='ltr'><strong>citius</strong></span> 
     </span>
     <span class='ocr_line' id='line_1_31' title="bbox 411 3743 1993 3828; baseline 0.004 -25"><span class='ocrx_word' id='word_1_347' title='bbox 411 3757 490 3803; x_wconf 88' lang='lat' dir='ltr'><strong>nere</strong></span> <span class='ocrx_word' id='word_1_348' title='bbox 509 3748 639 3820; x_wconf 89' lang='lat' dir='ltr'><strong>poterat,</strong></span> <span class='ocrx_word' id='word_1_349' title='bbox 663 3743 818 3823; x_wconf 87' lang='lat' dir='ltr'><strong>quianon</strong></span> <span class='ocrx_word' id='word_1_350' title='bbox 840 3750 900 3807; x_wconf 90' lang='lat' dir='ltr'><strong>tam</strong></span> <span class='ocrx_word' id='word_1_351' title='bbox 922 3763 978 3825; x_wconf 91' lang='lat' dir='ltr'><strong>per</strong></span> <span class='ocrx_word' id='word_1_352' title='bbox 1001 3763 1143 3809; x_wconf 87' lang='lat' dir='ltr'><strong>errorem</strong></span> <span class='ocrx_word' id='word_1_353' title='bbox 1164 3745 1268 3825; x_wconf 90' lang='lat' dir='ltr'><strong>lapsus</strong></span> <span class='ocrx_word' id='word_1_354' title='bbox 1291 3751 1340 3808; x_wconf 91' lang='lat' dir='ltr'><strong>est</strong></span> <span class='ocrx_word' id='word_1_355' title='bbox 1358 3743 1532 3824; x_wconf 85' lang='lat' dir='ltr'><strong>Euripides,</strong></span> <span class='ocrx_word' id='word_1_356' title='bbox 1556 3763 1645 3826; x_wconf 89' lang='lat' dir='ltr'><strong>quam</strong></span> <span class='ocrx_word' id='word_1_357' title='bbox 1667 3746 1802 3826; x_wconf 90' lang='lat' dir='ltr'><strong>prudens</strong></span> <span class='ocrx_word' id='word_1_358' title='bbox 1825 3747 1993 3828; x_wconf 86' lang='lat' dir='ltr'><strong>sciensque</strong></span> 
     </span>
     <span class='ocr_line' id='line_1_32' title="bbox 411 3856 2011 3944; baseline 0.004 -24"><span class='ocrx_word' id='word_1_359' title='bbox 411 3874 498 3920; x_wconf 88' lang='lat' dir='ltr'><strong>suam</strong></span> <span class='ocrx_word' id='word_1_360' title='bbox 520 3856 611 3920; x_wconf 90' lang='lat' dir='ltr'><strong>talem</strong></span> <span class='ocrx_word' id='word_1_361' title='bbox 635 3876 708 3923; x_wconf 84' lang='lat' dir='ltr'><strong>esse</strong></span> <span class='ocrx_word' id='word_1_362' title='bbox 731 3860 836 3937; x_wconf 89' lang='lat' dir='ltr'><strong>voluit,</strong></span> <span class='ocrx_word' id='word_1_363' title='bbox 859 3862 981 3943; x_wconf 90' lang='lat' dir='ltr'><strong>qualem</strong></span> <span class='ocrx_word' id='word_1_364' title='bbox 1002 3863 1137 3926; x_wconf 91' lang='lat' dir='ltr'><strong>nuncin</strong></span> <span class='ocrx_word' id='word_1_365' title='bbox 1160 3862 1299 3925; x_wconf 91' lang='lat' dir='ltr'><strong>manibus</strong></span> <span class='ocrx_word' id='word_1_366' title='bbox 1321 3860 1479 3925; x_wconf 91' lang='lat' dir='ltr'><strong>babemus.</strong></span> <span class='ocrx_word' id='word_1_367' title='bbox 1515 3894 1553 3905; x_wconf 91' lang='lat'>—</span> <span class='ocrx_word' id='word_1_368' title='bbox 1588 3861 1635 3923; x_wconf 91' lang='lat' dir='ltr'><strong>Ex</strong></span> <span class='ocrx_word' id='word_1_369' title='bbox 1655 3863 1704 3934; x_wconf 91' lang='lat' dir='ltr'><strong>iis,</strong></span> <span class='ocrx_word' id='word_1_370' title='bbox 1733 3864 1786 3944; x_wconf 91' lang='lat' dir='ltr'><strong>qui</strong></span> <span class='ocrx_word' id='word_1_371' title='bbox 1814 3863 1984 3927; x_wconf 87' lang='lat' dir='ltr'><strong>novissimo</strong></span> <span class='ocrx_word' id='word_1_372' title='bbox 2007 3870 2011 3919; x_wconf 85' lang='lat' dir='ltr'><strong>t</strong></span> 
     </span>
     <span class='ocr_line' id='line_1_33' title="bbox 411 3973 2011 4062; baseline 0.001 -25"><span class='ocrx_word' id='word_1_373' title='bbox 411 3973 552 4038; x_wconf 87' lang='lat' dir='ltr'><strong>similiter</strong></span> <span class='ocrx_word' id='word_1_374' title='bbox 586 3982 757 4040; x_wconf 90' lang='lat' dir='ltr'><strong>statuerunt</strong></span> <span class='ocrx_word' id='word_1_375' title='bbox 795 3977 962 4061; x_wconf 90' lang='lat' dir='ltr'><strong>itidemque</strong></span> <span class='ocrx_word' id='word_1_376' title='bbox 999 3980 1139 4042; x_wconf 88' lang='lat' dir='ltr'><strong>Alcestin</strong></span> <span class='ocrx_word' id='word_1_377' title='bbox 1172 3981 1320 4062; x_wconf 88' lang='lat' dir='ltr'><strong>tragicam</strong></span> <span class='ocrx_word' id='word_1_378' title='bbox 1356 3979 1457 4060; x_wconf 88' lang='lat' dir='ltr'><strong>potius</strong></span> <span class='ocrx_word' id='word_1_379' title='bbox 1489 3996 1579 4059; x_wconf 89' lang='lat' dir='ltr'><strong>quam</strong></span> <span class='ocrx_word' id='word_1_380' title='bbox 1611 3979 1759 4041; x_wconf 89' lang='lat' dir='ltr'><strong>comicam</strong></span> <span class='ocrx_word' id='word_1_381' title='bbox 1792 3987 1844 4043; x_wconf 90' lang='lat' dir='ltr'><strong>aut</strong></span> <span class='ocrx_word' id='word_1_382' title='bbox 1870 3979 2011 4061; x_wconf 81' lang='lat' dir='ltr'><strong>satyricar</strong></span> 
     </span>
     <span class='ocr_line' id='line_1_34' title="bbox 410 4089 2011 4176; baseline 0.001 -22"><span class='ocrx_word' id='word_1_383' title='bbox 410 4098 490 4169; x_wconf 91' lang='lat' dir='ltr'><strong>runt,</strong></span> <span class='ocrx_word' id='word_1_384' title='bbox 525 4092 731 4156; x_wconf 89' lang='lat' dir='ltr'><strong>Prellerum</strong></span> <span class='ocrx_word' id='word_1_385' title='bbox 763 4112 1008 4158; x_wconf 88' lang='lat' dir='ltr'><strong>commemorare</strong></span> <span class='ocrx_word' id='word_1_386' title='bbox 1035 4096 1132 4176; x_wconf 86' lang='lat' dir='ltr'><strong>juvat.</strong></span> <span class='ocrx_word' id='word_1_387' title='bbox 1169 4093 1342 4176; x_wconf 85' lang='lat' dir='ltr'><strong>Euripides,</strong></span> <span class='ocrx_word' id='word_1_388' title='bbox 1381 4089 1525 4175; x_wconf 80' lang='lat' dir='ltr'><strong>inquit⁰),</strong></span> <span class='ocrx_word' id='word_1_389' title='bbox 1565 4093 1617 4156; x_wconf 88' lang='lat' dir='ltr'><strong>hat</strong></span> <span class='ocrx_word' id='word_1_390' title='bbox 1643 4094 1758 4159; x_wconf 86' lang='lat' dir='ltr'><strong>keinen</strong></span> <span class='ocrx_word' id='word_1_391' title='bbox 1783 4095 1922 4160; x_wconf 86' lang='lat' dir='ltr'><strong>Anstand</strong></span> <span class='ocrx_word' id='word_1_392' title='bbox 1950 4110 2011 4175; x_wconf 89' lang='lat' dir='ltr'><strong>gen</strong></span> 
     </span>
     <span class='ocr_line' id='line_1_35' title="bbox 411 4196 2010 4293; baseline -0.003 -22"><span class='ocrx_word' id='word_1_393' title='bbox 411 4207 533 4271; x_wconf 88' lang='lat' dir='ltr'><strong>selbst</strong></span> <span class='ocrx_word' id='word_1_394' title='bbox 554 4209 592 4271; x_wconf 90' lang='lat' dir='ltr'><strong>in</strong></span> <span class='ocrx_word' id='word_1_395' title='bbox 614 4196 721 4272; x_wconf 80' lang='lat' dir='ltr'><strong>s&#39;eine</strong></span> <span class='ocrx_word' id='word_1_396' title='bbox 744 4218 850 4274; x_wconf 83' lang='lat' dir='ltr'><strong>sonet</strong></span> <span class='ocrx_word' id='word_1_397' title='bbox 871 4210 1064 4293; x_wconf 89' lang='lat' dir='ltr'><strong>tragiscbe</strong></span> <span class='ocrx_word' id='word_1_398' title='bbox 1087 4211 1256 4275; x_wconf 89' lang='lat' dir='ltr'><strong>Alcestis</strong></span> <span class='ocrx_word' id='word_1_399' title='bbox 1288 4210 1378 4276; x_wconf 91' lang='lat' dir='ltr'><strong>einen</strong></span> <span class='ocrx_word' id='word_1_400' title='bbox 1406 4210 1534 4275; x_wconf 90' lang='lat' dir='ltr'><strong>sulchen</strong></span> <span class='ocrx_word' id='word_1_401' title='bbox 1564 4210 1691 4276; x_wconf 88' lang='lat' dir='ltr'><strong>Aultritt</strong></span> <span class='ocrx_word' id='word_1_402' title='bbox 1718 4210 1774 4276; x_wconf 91' lang='lat' dir='ltr'><strong>des</strong></span> <span class='ocrx_word' id='word_1_403' title='bbox 1801 4210 1939 4277; x_wconf 76' lang='lat' dir='ltr'><strong>larmend</strong></span> <span class='ocrx_word' id='word_1_404' title='bbox 1966 4228 2010 4275; x_wconf 70' lang='lat' dir='ltr'><strong>zer</strong></span> 
     </span>
    </p>
   </div>
   <div class='ocr_carea' id='block_1_3' title="bbox 410 4375 795 4387">
    <p class='ocr_par' dir='ltr' id='par_1_6' title="bbox 410 4375 795 4387">
     <span class='ocr_line' id='line_1_36' title="bbox 410 4375 795 4387; baseline 0.003 -1"><span class='ocrx_word' id='word_1_405' title='bbox 410 4375 795 4387; x_wconf 52' lang='lat' dir='ltr'><strong>mm·-</strong></span> 
     </span>
    </p>
   </div>
   <div class='ocr_carea' id='block_1_4' title="bbox 410 4466 2009 4706">
    <p class='ocr_par' dir='ltr' id='par_1_7' title="bbox 410 4466 2009 4706">
     <span class='ocr_line' id='line_1_37' title="bbox 514 4466 2007 4539; baseline 0.003 -19"><span class='ocrx_word' id='word_1_406' title='bbox 514 4466 539 4533; x_wconf 85' lang='lat' dir='ltr'><strong>l)</strong></span> <span class='ocrx_word' id='word_1_407' title='bbox 557 4468 594 4522; x_wconf 85' lang='lat' dir='ltr'><strong>lte</strong></span> <span class='ocrx_word' id='word_1_408' title='bbox 612 4468 746 4532; x_wconf 83' lang='lat' dir='ltr'><strong>Euripidis</strong></span> <span class='ocrx_word' id='word_1_409' title='bbox 765 4468 907 4522; x_wconf 83' lang='lat' dir='ltr'><strong>Alcestide.</strong></span> <span class='ocrx_word' id='word_1_410' title='bbox 934 4471 979 4524; x_wconf 86' lang='lat' dir='ltr'><strong>ln:</strong></span> <span class='ocrx_word' id='word_1_411' title='bbox 1005 4470 1079 4525; x_wconf 85' lang='lat' dir='ltr'><strong>Neue</strong></span> <span class='ocrx_word' id='word_1_412' title='bbox 1097 4474 1205 4527; x_wconf 85' lang='lat' dir='ltr'><strong>Jahrbb.</strong></span> <span class='ocrx_word' id='word_1_413' title='bbox 1224 4475 1269 4527; x_wconf 84' lang='lat' dir='ltr'><strong>fttr</strong></span> <span class='ocrx_word' id='word_1_414' title='bbox 1292 4475 1359 4527; x_wconf 86' lang='lat' dir='ltr'><strong>Phil.</strong></span> <span class='ocrx_word' id='word_1_415' title='bbox 1379 4487 1405 4527; x_wconf 90' lang='lat' dir='ltr'><strong>u.</strong></span> <span class='ocrx_word' id='word_1_416' title='bbox 1424 4473 1539 4538; x_wconf 76' lang='lat' dir='ltr'><strong>Paedag.</strong></span> <span class='ocrx_word' id='word_1_417' title='bbox 1558 4476 1582 4533; x_wconf 88' lang='grc'><strong>5,</strong></span> <span class='ocrx_word' id='word_1_418' title='bbox 1603 4473 1753 4539; x_wconf 80' lang='lat' dir='ltr'><strong>suppl-ltu.</strong></span> <span class='ocrx_word' id='word_1_419' title='bbox 1772 4485 1798 4536; x_wconf 92' lang='lat' dir='ltr'><strong>p.</strong></span> <span class='ocrx_word' id='word_1_420' title='bbox 1820 4473 1869 4525; x_wconf 73' lang='grc'><strong>191</strong></span> <span class='ocrx_word' id='word_1_421' title='bbox 1887 4483 1944 4537; x_wconf 89' lang='lat' dir='ltr'><strong>sqq.</strong></span> <span class='ocrx_word' id='word_1_422' title='bbox 1972 4499 2007 4510; x_wconf 90' lang='lat'><em>-</em></span> 
     </span>
     <span class='ocr_line' id='line_1_38' title="bbox 410 4548 2009 4622; baseline 0.003 -16"><span class='ocrx_word' id='word_1_423' title='bbox 410 4566 436 4618; x_wconf 91' lang='lat' dir='ltr'><strong>p.</strong></span> <span class='ocrx_word' id='word_1_424' title='bbox 457 4555 506 4608; x_wconf 82' lang='lat'><strong>195</strong></span> <span class='ocrx_word' id='word_1_425' title='bbox 524 4553 588 4606; x_wconf 82' lang='lat' dir='ltr'><strong>intr.</strong></span> <span class='ocrx_word' id='word_1_426' title='bbox 607 4580 640 4592; x_wconf 96' lang='lat'><em>-</em></span> <span class='ocrx_word' id='word_1_427' title='bbox 658 4548 685 4615; x_wconf 85' lang='lat'><strong>⁸)</strong></span> <span class='ocrx_word' id='word_1_428' title='bbox 702 4552 768 4606; x_wconf 90' lang='lat' dir='ltr'><strong>thid.</strong></span> <span class='ocrx_word' id='word_1_429' title='bbox 785 4566 811 4618; x_wconf 90' lang='lat' dir='ltr'><strong>p.</strong></span> <span class='ocrx_word' id='word_1_430' title='bbox 833 4551 882 4606; x_wconf 88' lang='grc'><strong>198</strong></span> <span class='ocrx_word' id='word_1_431' title='bbox 900 4555 969 4607; x_wconf 84' lang='lat' dir='ltr'><strong>med.</strong></span> <span class='ocrx_word' id='word_1_432' title='bbox 988 4583 1023 4592; x_wconf 92' lang='lat'>—</span> <span class='ocrx_word' id='word_1_433' title='bbox 1040 4552 1067 4619; x_wconf 81' lang='lat'><strong>⁴)</strong></span> <span class='ocrx_word' id='word_1_434' title='bbox 1085 4556 1122 4610; x_wconf 85' lang='lat' dir='ltr'><strong>lte</strong></span> <span class='ocrx_word' id='word_1_435' title='bbox 1140 4557 1273 4622; x_wconf 85' lang='lat' dir='ltr'><strong>Euripidis</strong></span> <span class='ocrx_word' id='word_1_436' title='bbox 1291 4560 1423 4613; x_wconf 86' lang='lat' dir='ltr'><strong>Alcestide</strong></span> <span class='ocrx_word' id='word_1_437' title='bbox 1443 4560 1639 4613; x_wconf 88' lang='lat' dir='ltr'><strong>commentatio.</strong></span> <span class='ocrx_word' id='word_1_438' title='bbox 1658 4558 1772 4622; x_wconf 86' lang='lat' dir='ltr'><strong>scripsit</strong></span> <span class='ocrx_word' id='word_1_439' title='bbox 1787 4556 1856 4610; x_wconf 77' lang='lat' dir='ltr'><strong>lrld.</strong></span> <span class='ocrx_word' id='word_1_440' title='bbox 1876 4556 1944 4611; x_wconf 87' lang='lat' dir='ltr'><strong>Guil.</strong></span> <span class='ocrx_word' id='word_1_441' title='bbox 1955 4557 2009 4611; x_wconf 82' lang='lat' dir='ltr'><strong>Glm</strong></span> 
     </span>
     <span class='ocr_line' id='line_1_39' title="bbox 410 4631 2009 4706; baseline 0.004 -18"><span class='ocrx_word' id='word_1_442' title='bbox 410 4636 511 4702; x_wconf 80' lang='lat' dir='ltr'><strong>tinette,</strong></span> <span class='ocrx_word' id='word_1_443' title='bbox 531 4639 606 4691; x_wconf 86' lang='grc'><strong>1888.</strong></span> <span class='ocrx_word' id='word_1_444' title='bbox 625 4663 656 4675; x_wconf 95' lang='grc'>-</span> <span class='ocrx_word' id='word_1_445' title='bbox 675 4631 700 4703; x_wconf 75' lang='lat'><strong>⁶)</strong></span> <span class='ocrx_word' id='word_1_446' title='bbox 717 4637 846 4690; x_wconf 83' lang='lat' dir='ltr'><strong>zeitschr.</strong></span> <span class='ocrx_word' id='word_1_447' title='bbox 865 4637 910 4689; x_wconf 83' lang='lat' dir='ltr'><strong>lttr</strong></span> <span class='ocrx_word' id='word_1_448' title='bbox 928 4638 978 4692; x_wconf 88' lang='lat' dir='ltr'><strong>Ait.</strong></span> <span class='ocrx_word' id='word_1_449' title='bbox 998 4641 1073 4694; x_wconf 85' lang='grc'><strong>1887.</strong></span> <span class='ocrx_word' id='word_1_450' title='bbox 1093 4653 1119 4705; x_wconf 94' lang='lat' dir='ltr'><strong>p.</strong></span> <span class='ocrx_word' id='word_1_451' title='bbox 1138 4642 1186 4694; x_wconf 82' lang='lat' dir='ltr'><strong>tm</strong></span> <span class='ocrx_word' id='word_1_452' title='bbox 1206 4653 1263 4706; x_wconf 91' lang='lat' dir='ltr'><strong>sqq.</strong></span> <span class='ocrx_word' id='word_1_453' title='bbox 1291 4670 1324 4679; x_wconf 89' lang='lat'>-</span> <span class='ocrx_word' id='word_1_454' title='bbox 1351 4640 1377 4705; x_wconf 69' lang='grc' dir='ltr'><strong>ο)</strong></span> <span class='ocrx_word' id='word_1_455' title='bbox 1395 4643 1540 4698; x_wconf 86' lang='lat' dir='ltr'><strong>schulzeit.</strong></span> <span class='ocrx_word' id='word_1_456' title='bbox 1560 4645 1679 4697; x_wconf 78' lang='grc'><strong>18291.</strong></span> <span class='ocrx_word' id='word_1_457' title='bbox 1698 4644 1740 4696; x_wconf 87' lang='grc'><strong>18.</strong></span> <span class='ocrx_word' id='word_1_458' title='bbox 1765 4665 1799 4677; x_wconf 95' lang='lat'><strong>—-</strong></span> <span class='ocrx_word' id='word_1_459' title='bbox 1825 4637 1850 4705; x_wconf 71' lang='lat' dir='ltr'><strong>a)</strong></span> <span class='ocrx_word' id='word_1_460' title='bbox 1867 4640 1904 4695; x_wconf 83' lang='lat' dir='ltr'><strong>lie</strong></span> <span class='ocrx_word' id='word_1_461' title='bbox 1922 4643 2009 4696; x_wconf 90' lang='lat' dir='ltr'><strong>Alcest</strong></span> 
     </span>
    </p>
   </div>
   <div class='ocr_carea' id='block_1_5' title="bbox 410 4716 2009 4872">
    <p class='ocr_par' dir='ltr' id='par_1_8' title="bbox 410 4716 2009 4872">
     <span class='ocr_line' id='line_1_40' title="bbox 410 4716 2009 4862; baseline 0.006 -90"><span class='ocrx_word' id='word_1_462' title='bbox 410 4720 488 4859; x_wconf 50' lang='lat' dir='ltr'><strong>qildqlq.</strong></span> <span class='ocrx_word' id='word_1_463' title='bbox 500 4721 615 4860; x_wconf 65' lang='lat' dir='ltr'><strong>lPrTogr.²</strong></span> <span class='ocrx_word' id='word_1_464' title='bbox 632 4723 742 4862; x_wconf 52' lang='lat' dir='ltr'><strong>miningas</strong></span> <span class='ocrx_word' id='word_1_465' title='bbox 762 4724 836 4779; x_wconf 82' lang='lat'><strong>1851.</strong></span> <span class='ocrx_word' id='word_1_466' title='bbox 864 4750 898 4760; x_wconf 84' lang='lat'><strong>—</strong></span> <span class='ocrx_word' id='word_1_467' title='bbox 924 4716 949 4789; x_wconf 81' lang='grc'><strong>8)</strong></span> <span class='ocrx_word' id='word_1_468' title='bbox 975 4722 1087 4780; x_wconf 82' lang='lat' dir='ltr'><strong>censor.</strong></span> <span class='ocrx_word' id='word_1_469' title='bbox 1106 4725 1212 4780; x_wconf 85' lang='lat' dir='ltr'><strong>dissert.</strong></span> <span class='ocrx_word' id='word_1_470' title='bbox 1231 4725 1395 4783; x_wconf 81' lang='lat' dir='ltr'><strong>Glumlanae.</strong></span> <span class='ocrx_word' id='word_1_471' title='bbox 1422 4728 1549 4783; x_wconf 83' lang='lat' dir='ltr'><strong>zeitschr.</strong></span> <span class='ocrx_word' id='word_1_472' title='bbox 1567 4728 1613 4781; x_wconf 86' lang='lat' dir='ltr'><strong>lttr</strong></span> <span class='ocrx_word' id='word_1_473' title='bbox 1630 4728 1681 4781; x_wconf 88' lang='lat' dir='ltr'><strong>Alt.</strong></span> <span class='ocrx_word' id='word_1_474' title='bbox 1710 4727 1784 4781; x_wconf 87' lang='grc'><strong>1887.</strong></span> <span class='ocrx_word' id='word_1_475' title='bbox 1802 4739 1829 4793; x_wconf 77' lang='lat' dir='ltr'><strong>p.</strong></span> <span class='ocrx_word' id='word_1_476' title='bbox 1846 4727 1906 4781; x_wconf 87' lang='grc'><strong>117.</strong></span> <span class='ocrx_word' id='word_1_477' title='bbox 1931 4752 1966 4766; x_wconf 89' lang='grc'><strong>--</strong></span> <span class='ocrx_word' id='word_1_478' title='bbox 1992 4721 2009 4791; x_wconf 71' lang='grc' dir='ltr'><strong>’ζ</strong></span> 
     </span>
     <span class='ocr_line' id='line_1_41' title="bbox 435 4810 748 4872; baseline 0.003 -14"><span class='ocrx_word' id='word_1_479' title='bbox 435 4815 452 4866; x_wconf 82' lang='lat' dir='ltr'>y</span> <span class='ocrx_word' id='word_1_480' title='bbox 484 4816 519 4859; x_wconf 93' lang='lat' dir='ltr'><strong>o.</strong></span> <span class='ocrx_word' id='word_1_481' title='bbox 557 4816 581 4860; x_wconf 89' lang='lat' dir='ltr'><strong>o.</strong></span> <span class='ocrx_word' id='word_1_482' title='bbox 618 4818 670 4872; x_wconf 87' lang='lat' dir='ltr'><strong>.p.</strong></span> <span class='ocrx_word' id='word_1_483' title='bbox 724 4810 748 4862; x_wconf 90' lang='grc'><strong>7.</strong></span> 
     </span>
    </p>
   </div>
   <div class='ocr_carea' id='block_1_6' title="bbox 0 0 2130 5442">
    <p class='ocr_par' dir='ltr' id='par_1_9' title="bbox 0 0 2130 5442">
     <span class='ocr_line' id='line_1_42' title="bbox 0 0 2130 5442; baseline 0 0"><span class='ocrx_word' id='word_1_484' title='bbox 0 0 2130 5442; x_wconf 95' lang='lat' dir='ltr'><strong> </strong></span> 
     </span>
    </p>
   </div>
  </div>
 </body>
</html>
