4250 5442
863 145 1101 219 „q-

118 337 268 404 iieralrles
291 338 541 404 emzuschielren.
565 372 603 385 ·-
627 339 722 415 Quasi
743 339 861 424 tragica
883 347 990 405 essent
1011 340 1150 405 Pheretis
1172 349 1203 406 et
1222 340 1347 408 Admeti
1364 340 1512 425 jurgium,
1535 342 1658 409 Admeti
1679 343 1855 418 ludificatio,

120 475 179 540 qua
199 458 391 539 glaucumam
414 458 445 521 ei
466 456 606 539 objicere
629 457 731 522 studet
751 457 888 535 Alcides,
911 476 957 531 ac,
981 459 1008 523 si
1031 457 1090 521 diis
1113 458 1223 540 placet,
1252 467 1333 524 totus
1360 460 1488 526 alterius
1516 460 1608 543 liujus
1634 461 1730 543 partis
1757 460 1855 525 color.

118 574 241 639 Scilicet
262 574 339 638 haec
361 575 462 638 omnia
484 573 523 637 ad
545 574 736 638 comoediam
759 559 859 656 potius
882 574 1039 639 accedunt.

243 687 273 771 §.
297 687 346 754 ts.
370 691 523 774 Sequitur,
552 699 587 755 ut
608 691 644 755 0.
667 690 841 754 lluelleri
864 693 1051 757 mentionem
1073 692 1195 768 luciam,
1224 695 1277 777 qui
1300 695 1339 759 de
1361 696 1529 774 Alcestide,
1560 705 1594 761 ut
1614 696 1744 770 solebat,
1772 714 1855 760 com·

119 807 208 875 mode
231 807 306 871 dixit
315 804 349 883 ¹).
372 811 418 871 Ac
441 815 548 872 censet
568 808 621 872 ille
643 807 775 870 fabulam
798 816 943 884 nestram,
972 827 1052 891 quae
1074 827 1136 873 non
1158 827 1220 874 uno
1242 813 1367 877 nomina
1389 831 1470 877 nova
1492 814 1533 878 sit
1554 833 1590 877 ac
1612 814 1699 887 mira,
1721 813 1855 895 tragico·

119 925 309 989 comoediam
331 925 442 1006 potius,
471 944 562 1008 quam
590 924 782 1008 tragoediam
813 933 960 1006 oportere
987 927 1108 1000 vocari;
1138 928 1247 991 multas
1277 946 1388 994 scenas
1421 948 1459 994 eo
1487 948 1587 1013 usque
1614 932 1748 994 comicas
1772 944 1854 1000 ease,

117 1050 149 1106 ut
170 1043 270 1106 nativa
298 1043 441 1124 antiquae
469 1060 604 1123 poeseos
632 1042 748 1105 ruditas
771 1049 832 1117 aut,
866 1049 899 1105 ut
919 1042 1020 1105 lenius
1043 1041 1153 1120 dicam,
1190 1045 1366 1125 simplicitas
1400 1046 1438 1109 ad
1466 1047 1657 1111 excusandas
1686 1063 1740 1111 eas
1772 1043 1855 1108 nullo

117 1169 206 1242 paeto
229 1159 375 1233 suiticiat;
406 1167 569 1241 praeterea
598 1159 720 1223 fabulae
748 1158 928 1222 brevitatem
957 1177 994 1222 ac
1024 1160 1195 1240 simplicem
1219 1164 1441 1238 oeconomiam,
1465 1183 1525 1247 qua
1547 1164 1625 1228 duos
1647 1160 1856 1227 tantummodo

118 1285 240 1341 actores
262 1277 408 1357 requirat,
438 1275 622 1339 documento
652 1294 724 1339 esse
754 1293 773 1338 e
801 1274 1031 1358 tragoediarum
1054 1294 1186 1340 numero
1209 1296 1277 1342 eam
1299 1297 1361 1344 non
1384 1298 1478 1362 posse
1500 1300 1562 1345 non
1585 1281 1694 1355 eximi;
1726 1278 1856 1344 eandem

117 1403 229 1468 tamen,
253 1394 350 1476 qualis
373 1412 454 1458 nunc
476 1395 524 1470 sit,
549 1392 686 1469 efficere,
710 1392 792 1475 quod
812 1401 844 1456 ut
866 1387 1108 1477 efiiceretpoeta
1121 1394 1244 1475 optavit,
1266 1405 1299 1459 ut
1315 1406 1523 1478 spectatorum
1539 1396 1856 1481 animiatragoediae

118 1511 283 1574 severitate
304 1508 492 1591 pedetentim
514 1507 552 1571 ad
575 1509 758 1572 hilaritatem
779 1507 1024 1572 transducentur.

246 1622 277 1706 ἓ.
302 1623 351 1688 13.
373 1625 471 1689 Venio
493 1625 530 1688 ad
554 1625 796 1706 Koechlyum‚
827 1643 918 1706 quem
948 1627 1083 1689 omnium
1104 1628 1357 1709 ingeniosissime
1379 1633 1612 1715 salsissimeque
1635 1632 1674 1696 de
1696 1629 1857 1696 Alcestide
1939 1708 1943 1723 .

119 1744 344 1825 conscripsisse
367 1742 458 1807 iaeile
481 1742 645 1806 concedes.
669 1743 792 1806 Summa
814 1745 1201 1809 autemcommentationis
1223 1745 1470 1830 Koechlyanae²)
1491 1749 1570 1815 haec
1592 1758 1649 1823 est,
1672 1757 1705 1813 ut
1726 1750 1857 1830 primum

119 1863 233 1943 priora,
257 1880 336 1943 quae
358 1861 396 1924 ad
418 1862 556 1925 Alcestin
579 1863 739 1943 pertinent,
762 1861 877 1941 scripta
899 1868 1064 1924 recenseat
1078 1869 1109 1925 et
1126 1864 1288 1937 examinet,
1312 1864 1425 1929 deinde
1447 1866 1586 1949 singulas
1610 1865 1732 1931 tabulae
1753 1871 1857 1945 partes

2 1955 5 1978 ἶ
120 1986 245 2043 enarret
266 1986 297 2043 et
320 1980 461 2060 explicet.
485 1979 573 2054 Quod
596 1978 719 2061 quidem
741 1985 823 2041 tanta
846 1977 1010 2041 testivitate
1034 1985 1064 2041 et
1080 1977 1239 2043 dicacitate
1252 1979 1334 2055 iecit,
1357 1989 1390 2045 ut
1411 1990 1473 2047 tota
1496 1984 1563 2065 ejus
1586 1982 1751 2064 disputatio
1773 1979 1857 2042 miri·

7 2157 8 2162 ,
120 2097 179 2161 fiee
199 2096 341 2171 delectet,
377 2106 407 2161 et
429 2100 487 2161 hac
509 2117 549 2161 ex
570 2103 657 2178 parte
679 2095 754 2158 nihil
776 2096 816 2158 sit
838 2093 920 2176 quod
935 2092 1141 2157 desideretur.
1164 2096 1277 2159 'lamen
1300 2097 1465 2180 diligenter
1487 2099 1584 2165 cuivis
1607 2097 1775 2161 cavendum
1800 2102 1857 2169 est,

119 2232 159 2278 ne
181 2214 231 2277 ltlc
251 2214 314 2277 illic
336 2233 353 2277 a
375 2214 532 2296 Koechlyo
555 2215 586 2276 in
609 2231 751 2277 errorem
774 2210 943 2283 inducatur,
978 2227 1039 2274 neu
1065 2208 1161 2272 verba
1183 2210 1221 2273 alt
1245 2230 1283 2275 eo
1307 2213 1366 2275 sibi
1388 2212 1455 2275 dari
1477 2215 1565 2277 sinat.
1599 2212 1685 2284 Nam,
1715 2219 1749 2274 ut
1771 2219 1858 2276 recte

121 2330 331 2395 animadvertit
353 2326 673 2407 Rauehensteinius³)‚
696 2328 863 2393 identidem
885 2328 917 2390 in
941 2326 1038 2408 majus
1060 2344 1128 2389 rem
1151 2327 1268 2390 extollit
1290 2329 1321 2390 in
1342 2331 1494 2412 pejusque
1517 2337 1618 2403 mutat,
1642 2336 1733 2410 atque
1755 2328 1857 2393 omnia

13 2515 14 2518 ,
120 2448 234 2528 pariter
261 2449 300 2510 in'
320 2448 417 2510 risum
444 2455 569 2512 vertere
592 2445 703 2519 studet,
733 2462 794 2527 que
817 2444 858 2517 fit,
887 2451 929 2516 ut,
959 2460 1049 2525 quam
1080 2442 1213 2507 tabulam
1241 2462 1297 2526 pro
1326 2446 1493 2527 Euripiden
1516 2446 1649 2509 venditat
1671 2445 1707 2507 V.
1731 2445 1785 2521 (ll,
1820 2464 1857 2510 ea

119 2582 232 2645 reapse
260 2563 298 2626 ab
321 2563 485 2645 Euripidea
507 2563 632 2625 diversa
654 2563 702 2624 sit.
746 2561 801 2623 llis
833 2568 935 2623 tamen
963 2559 1102 2640 exceptis
1134 2560 1338 2623 confitendum
1372 2563 1431 2624 erit
1457 2563 1645 2643 lloeehlpum
1673 2579 1740 2625 rem
1770 2576 1855 2624 suam

120 2682 280 2763 praeclare
307 2682 448 2762 gessisse
476 2678 671 2760 eundemque
698 2675 940 2748 demonstrasse,
976 2673 1058 2756 quod
1081 2672 1294 2739 demonstrare
1316 2677 1457 2751 voluerit,
1491 2677 1668 2759 Euripidem
1689 2672 1853 2740 Ateesttdts

121 2807 278 2862 auctorem
301 2799 441 2860 consulto
456 2798 650 2878 cogitateque
660 2811 772 2857 novum
786 2792 953 2855 dramatum
968 2808 1070 2873 genus
1085 2790 1272 2866 condidisse,
1296 2800 1355 2869 aut,
1377 2801 1410 2856 ut
1431 2794 1531 2858 lenius
1554 2794 1662 2870 dicam,
1685 2808 1780 2856 novas
1800 2805 1854 2852 res

122 2916 325 2997 quaesivisse,
348 2915 389 2977 ita
411 2912 544 2997 quidem,
567 2920 599 2976 ut
621 2930 677 2992 pro
690 2909 807 2992 Satyris
819 2908 993 2989 Silenisque
1004 2925 1158 2988 personas
1175 2907 1322 2990 quasdam
1339 2912 1472 2974 maxime
1484 2911 1623 2975 inficetas
1638 2910 1741 2992 deque
1754 2905 1855 2972 medio

21 3021 23 3090 ζ
121 3039 236 3095 sumtas
248 3030 441 3094 substituerit
460 3031 561 3111 iisque
575 3027 755 3110 opposuerit
775 3025 965 3106 praeclaram
986 3023 1136 3087 heroinae
1154 3042 1330 3105 personam.
1353 3026 1415 3091 Sed
1437 3027 1476 3089 ad
1492 3026 1569 3090 haec
1582 3026 1662 3090 inira
1675 3023 1855 3090 redibimus.

247 3145 278 3228 ἕ,
303 3144 352 3212 tt.
375 3148 488 3220 Restat,
521 3154 556 3209 nt
582 3142 893 3207 Rauohensteinii
920 3141 1105 3204 mentionem
1136 3141 1255 3219 faciam,
1289 3144 1341 3224 qui
1373 3142 1412 3206 de
1434 3143 1593 3207 Alcestide
1616 3152 1704 3207 caute
1726 3160 1763 3207 ac
1784 3156 1856 3225 pru·

25 3265 27 3338 ἶ
121 3265 230 3329 denter
248 3264 398 3347 judicium
420 3264 503 3340 iecit,
527 3263 618 3325 etita
641 3260 723 3336 lecit,
746 3266 780 3322 ut
800 3258 934 3321 medium
956 3257 1108 3340 quoddam
1131 3266 1262 3336 teneret,
1291 3260 1374 3341 qnod
1395 3260 1475 3324 inter
1497 3262 1623 3325 nimium
1646 3269 1731 3325 esset
1752 3268 1784 3324 et
1804 3275 1856 3340 pa·

27 3395 29 3464 '¹
121 3375 232 3455 rum‘).
261 3378 357 3461 lnque
378 3378 486 3460 primis
507 3377 539 3439 id
560 3377 613 3440 ille
636 3376 709 3456 egit,
730 3381 764 3436 ut
785 3373 939 3437 nonnullis
961 3373 1039 3438 locis
1061 3375 1251 3457 Koechlyum
1271 3375 1431 3454 restitaret,
1462 3396 1553 3459 quem
1575 3379 1606 3440 in
1629 3377 1738 3440 falsum
1762 3392 1857 3459 quae·

122 3494 190 3558 darn
214 3497 338 3559 auxisse
360 3497 415 3570 ait;
440 3495 571 3559 tabulam
594 3502 695 3557 autem
717 3509 777 3555 nec
798 3489 990 3554 comoediam
1012 3508 1073 3577 nec
1094 3491 1286 3575 tragoediam
1295 3488 1331 3568 ⁸),
1365 3493 1422 3556 sed
1451 3502 1484 3557 ut
1505 3496 1545 3558 ita
1568 3492 1676 3569 dicam,
1699 3493 1730 3555 in
1753 3491 1857 3556 medio

30 3585 32 3654 ἶ
122 3611 211 3675 sitam
233 3629 315 3674 esse.
350 3612 418 3675 Wir
440 3612 543 3675 halten
565 3609 615 3673 die
638 3609 782 3683 Alcestis,
815 3606 921 3688 inquit,
945 3605 995 3669 fiir
1017 3609 1069 3672 ein
1090 3609 1183 3672 leicht
1204 3607 1366 3690 gebautes,
1388 3610 1471 3674 nieht
1491 3609 1551 3675 tiel
1567 3609 1783 3686 ltereclrnetes,
1806 3605 1863 3672 aul

122 3729 290 3809 llttchtigen
319 3727 382 3790 und
410 3725 698 3810 augenblieldichen
721 3725 842 3789 Genuss
865 3722 1063 3789 abzielendes
1085 3725 1276 3806 Schauspiel,
1305 3725 1360 3789 das
1388 3727 1495 3790 reicle
1523 3725 1712 3790 Situationen
1734 3725 1857 3800 enthttlt,

34 3851 35 3854 ’
122 3845 173 3909 die
203 3845 296 3909 leiclrt
328 3844 391 3908 und
417 3845 449 3907 in
477 3843 648 3926 petilligen
680 3840 953 3922 Abwecltslungen
979 3839 1041 3904 und
1064 3841 1246 3904 conuasten
1268 3860 1324 3905 ans
1348 3842 1496 3906 einander
1513 3841 1626 3923 gelren.
1656 3841 1723 3905 Aul
1749 3842 1857 3904 Unter·

37 4041 38 4044 Ἴ
122 3963 248 4046 haltung
275 3963 315 4026 ist
343 3980 378 4025 es
410 3960 552 4043 gtnzlich
573 3959 752 4042 abgesehen
774 3957 835 4020 und
859 3955 1074 4037 cingericlrtet.
1104 3989 1145 4002 -
1172 3957 1228 4020 Cui
1251 3959 1422 4021 sententiae
1452 3974 1490 4019 eo
1517 3956 1662 4020 libentius
1685 3953 1857 4030 subscribo,

123 4080 205 4162 quod
228 4099 297 4145 cum
318 4081 366 4156 iis,
391 4097 470 4161 quae
490 4076 569 4141 inira
592 4075 631 4141 de
652 4073 810 4140 Alcestide
833 4073 1041 4154 disputaturus
1063 4091 1142 4149 sum,
1166 4075 1297 4157 egregie
1320 4073 1462 4137 concinit.
1484 4073 1546 4139 Sed
1568 4073 1608 4138 de
1629 4074 1677 4139 his
1698 4075 1856 4138 hactenus.

227 4329 252 4396 ¹)
272 4334 364 4387 Gesctr.
383 4332 432 4387 der
449 4330 550 4396 grieeh.
569 4329 650 4382 Ltter.
670 4329 715 4381 Te.
733 4329 758 4380 2.
778 4339 803 4391 p.
825 4326 882 4379 157.
901 4351 930 4365 -·
952 4319 978 4387 l)
995 4323 1041 4376 ltle
1059 4322 1172 4377 Alcestis
1191 4322 1237 4376 des
1255 4323 1317 4375 Eur.
1337 4324 1380 4377 ln:
1399 4322 1568 4378 literartrist.
1589 4322 1681 4377 Tasetr.
1699 4323 1746 4377 Ed.
1764 4323 1855 4377 Prota.

125 4421 199 4475 1847.
224 4430 249 4482 p.
267 4420 326 4472 eut.
345 4432 402 4485 sqq.
427 4447 461 4456 -
488 4413 513 4484 ⁸)
532 4416 561 4468 lt.
580 4416 677 4471 Alcest.
696 4414 743 4467 des
761 4413 823 4466 nur.
842 4424 867 4476 p.
886 4412 912 4464 4.
934 4437 968 4448 -
993 4404 1018 4474 ⁴)
1037 4406 1084 4463 ttte
1102 4408 1198 4462 Alcest.
1216 4407 1263 4461 des
1281 4408 1343 4462 Eur.
1370 4409 1410 4462 als
1434 4410 1582 4465 tesondere
1602 4407 1671 4462 oso.
1691 4408 1738 4463 des
1756 4407 1857 4472 nrtectr.

123 4504 240 4559 Dramas.
259 4504 355 4568 Aaron,
374 4503 562 4559 seuerltnder.
585 4533 615 4545 -
633 4496 660 4564 ⁸)
677 4499 742 4553 ltrid.
760 4511 785 4562 p.
806 4499 837 4553 15
855 4496 924 4551 med.

845 4708 1135 4724 W
