4250 5442
805 1259 1134 1359 Commendatio
1166 1258 1221 1358 de
1250 1246 1482 1360 Alcestido
1509 1259 1764 1381 Euripiden.

1001 1428 1138 1515 Scripsit
1157 1433 1192 1501 ll.
1214 1433 1396 1517 Buchlrolz,
1417 1431 1473 1497 Dr.
1494 1430 1572 1516 phil.

1141 1668 1429 1679 ...ὴ-..-

541 1828 572 1912 5.
597 1828 625 1894 1.
649 1830 771 1897 lllreris
794 1831 933 1905 torcian,
955 1831 1109 1896 benevole
1124 1832 1233 1907 lector,
1256 1831 1330 1915 quid
1351 1833 1401 1906 sit,
1424 1829 1507 1915 quod
1529 1838 1599 1913 post
1615 1829 1762 1902 Glumios,
1785 1827 1971 1910 Koechlyos

416 1946 545 2010 steinios
568 1947 780 2029 quaestionem
802 1945 842 2011 de
863 1946 1024 2011 Alcestide
1046 1948 1149 2012 denuo
1171 1954 1310 2025 tractem,
1339 1966 1433 2030 quum
1461 1948 1644 2030 praesertim
1673 1952 1744 2027 post
1772 1961 1907 2008 messem
1939 1962 1957 2005 ι
1985 1962 1999 2006 s

414 2079 456 2125 ne
478 2062 572 2142 spicis
595 2061 718 2144 quidem
740 2061 884 2143 legendis
913 2060 1014 2124 locum
1043 2061 1211 2144 reliquisse
1232 2061 1275 2124 illi
1298 2062 1469 2127 videantur.
1503 2063 1613 2143 Neque
1634 2069 1737 2124 tamen
1758 2058 1879 2130 desunt,
1910 2057 1992 2120 unde

415 2181 530 2242 tionem
553 2179 703 2261 quandam
726 2187 834 2260 petere
855 2196 952 2260 posse
975 2179 1049 2241 mihi
1071 2178 1187 2242 videar.
1210 2179 1342 2241 Primum
1365 2179 1446 2241 enirn
1468 2184 1708 2242 consentaneum
1732 2182 1781 2238 est
1802 2173 2000 2256 quaestiones

414 2295 511 2375 gicas‚
534 2295 742 2359 intricatiores
764 2295 957 2376 praesertim,
980 2294 1041 2356 nisi
1062 2292 1204 2367 subinde,
1233 2300 1264 2356 ιι
1284 2297 1437 2361 interdum
1459 2299 1578 2373 saltem,
1600 2295 1702 2358 denuo
1724 2294 1756 2357 in
1778 2291 1913 2357 medium
1935 2291 2010 2373 prol

414 2409 549 2492 quidem,
584 2418 617 2473 ut
643 2427 713 2472 cum
741 2410 892 2471 immensa
920 2426 1025 2472 rerum
1055 2409 1303 2492 scriptorumque
1333 2412 1420 2485 silva,
1455 2430 1545 2495 quam
1574 2409 1723 2493 philologi
1753 2414 1990 2488 congesserunt,
2014 2450 2016 2487 u

416 2533 586 2605 conspectu
607 2531 748 2605 ponatur,
770 2531 844 2597 tum,
867 2525 895 2586 si
917 2523 989 2605 quid
1011 2525 1085 2587 novi
1107 2526 1286 2598 accesserit,
1317 2527 1348 2591 id
1370 2536 1513 2592 accurate
1536 2527 1728 2591 examinetur
1749 2541 1881 2606 cumque
1902 2522 2016 2604 prioril

415 2640 518 2702 tentiis
542 2640 708 2722 diiigenter
729 2639 916 2713 conferetur,
939 2640 1011 2722 quie
1032 2641 1079 2702 sic
1101 2639 1223 2704 demum
1245 2640 1313 2706 fieri
1327 2645 1449 2724 poterit,
1471 2650 1578 2707 utres
1601 2647 1739 2705 contorta
1761 2646 1853 2722 atque
1875 2637 2009 2702 difficilis

414 2755 578 2837 eliquando
602 2756 686 2818 clare
708 2763 739 2819 et
759 2757 924 2838 perspicua
947 2756 1065 2821 evadat.
1095 2790 1133 2800 -
1163 2756 1283 2820 Deinde
1306 2761 1406 2824 omnis
1428 2758 1603 2842 hujusmodi
1625 2757 1799 2838 disputatio,
1829 2773 1990 2839 quaequae
2013 2782 2017 2813 ι

415 2872 499 2932 veria
523 2879 554 2935 ιι
576 2871 734 2952 multiplex
755 2890 828 2935 esse
850 2871 981 2944 videtur,
1010 2878 1043 2934 ut
1072 2871 1199 2936 difficile
1228 2874 1268 2936 sit
1288 2875 1344 2938 toti
1365 2877 1539 2957 quaestioni
1560 2873 1680 2938 abunde
1702 2871 1884 2935 selislaoere
1907 2888 1966 2934 nec
1988 2891 2017 2954 qr

417 2986 560 3048 intactum
581 2986 778 3068 relinquere5
801 2985 895 3067 quid?
917 2986 999 3069 quod
1023 2988 1201 3066 unicevere
1215 2987 1388 3069 disputandi
1409 2993 1488 3055 ratio
1511 3009 1548 3055 ea
1571 2998 1628 3063 est,
1651 2997 1683 3054 ut
1706 2987 1814 3052 eadem
1835 3006 1888 3051 res
1911 3006 2017 3070 quam>

417 3101 517 3163 modis
540 3109 684 3164 versetur
712 3109 744 3164 et
769 3102 858 3182 quasi
888 3101 1022 3183 undique
1052 3110 1253 3184 pertentetur,
1288 3107 1357 3189 quia
1391 3116 1454 3170 tum
1482 3108 1605 3171 demum
1634 3106 1725 3187 plena
1754 3111 1845 3186 atque
1874 3103 2012 3186 perlecta

417 3218 554 3283 effertur.
578 3219 715 3294 Accedit,
739 3217 821 3300 quod
844 3225 875 3282 et
896 3219 1021 3299 proprio
1043 3218 1165 3283 indoles
1188 3226 1219 3284 et
1240 3219 1369 3286 historia
1390 3225 1496 3288 critica
1514 3222 1682 3287 Alcestidis
1706 3238 1744 3283 eo
1766 3237 1867 3301 usque
1889 3220 1966 3283 mira
1988 3240 2017 3283 ιι

415 3335 489 3399 laris
512 3343 570 3413 est,
592 3342 627 3398 ut
643 3336 707 3417 jam
729 3335 786 3398 hac
809 3334 849 3399 de
871 3353 965 3398 causa
988 3334 1082 3418 digna
1103 3336 1153 3410 sit,
1176 3355 1256 3418 quoe
1278 3339 1389 3403 iterum
1412 3359 1449 3404 ec
1470 3342 1562 3404 tertio
1586 3338 1775 3421 exquiratur.

542 3449 572 3532 ἓ.
596 3450 626 3514 2.
649 3451 735 3525 Nam,
758 3452 840 3535 quod
861 3452 1022 3533 permultis
1045 3459 1185 3517 veterum
1207 3462 1367 3535 poetarum
1390 3455 1501 3521 fabulis
1523 3455 1643 3528 accidit,
1673 3460 1706 3517 ut
1723 3452 1847 3535 judices
1870 3451 1969 3514 critici
1991 3451 2017 3513 al

416 3569 455 3633 de
476 3570 516 3632 iis
539 3570 761 3642 existimarent,
792 3567 823 3631 id
850 3569 1000 3648 imprimis
1028 3568 1180 3632 Alcestidi
1202 3570 1388 3651 Euripideae
1410 3571 1563 3636 accidisse
1585 3570 1771 3635 documento
1799 3574 1847 3631 est
1873 3567 1961 3649 larga
1983 3568 2015 3630 ill

417 3693 516 3749 torum
540 3687 639 3767 copia,
663 3703 742 3768 quae
764 3684 836 3748 inde
859 3684 896 3747 eb
919 3685 1165 3765 omnitempore
1194 3684 1234 3748 de
1257 3704 1294 3749 ea
1317 3687 1521 3753 coniecerunt
1540 3688 1699 3770 philologi.
1728 3687 1845 3750 Horum
1866 3685 1961 3766 igitur
1984 3704 2017 3749 se

417 3820 510 3884 quum
533 3803 610 3866 miro
635 3801 726 3865 modo
749 3804 830 3865 inter
851 3819 887 3865 se
910 3801 1038 3865 differre
1060 3800 1211 3878 viderem,
1233 3805 1505 3885 operaepretium
1527 3805 1600 3869 duxi
1620 3805 1722 3886 paullo
1745 3803 1918 3867 accuratius
1941 3820 2017 3883 easp

415 3920 474 3982 tari
496 3926 536 3992 et,
558 3927 591 3983 ut
612 3920 654 3984 ita
675 3919 784 3992 dicam,
817 3917 855 3980 ad
885 3916 1047 3981 obrussam
1071 3917 1212 3999 exigere,
1247 3927 1370 3983 exactas
1399 3921 1480 3984 inter
1509 3939 1546 3984 se
1569 3937 1759 4002 comparare,
1788 3926 1831 3992 ut,
1862 3937 1942 4001 quae
1969 3925 2017 3981 ten

416 4036 576 4101 veritatem
605 4037 746 4118 proxime
773 4034 948 4106 accederet,
977 4033 1050 4096 inde
1080 4050 1317 4115 cognoscerem,
1352 4055 1414 4100 neu
1449 4037 1579 4119 amplius
1606 4036 1646 4100 de
1675 4054 1750 4100 vera
1779 4035 1903 4100 fabulae
1931 4034 2014 4098 indol

415 4153 612 4218 haesitarem.
646 4153 824 4236 Quanquam
846 4151 971 4233 longius
993 4148 1072 4213 naec
1093 4150 1215 4233 singula
1237 4154 1385 4235 persequi
1406 4170 1468 4216 non
1490 4153 1581 4235 hujus
1604 4160 1653 4216 est
1673 4153 1750 4227 loci;
1778 4169 1860 4214 nunc
1888 4151 1962 4215 satis
1990 4149 2017 4213 ln

415 4274 537 4339 fabulae
559 4275 662 4339 indole
685 4293 722 4338 ac
742 4274 886 4356 personis
908 4272 1081 4336 accuratius
1104 4290 1274 4353 exponere,
1303 4270 1346 4332 ite
1367 4277 1479 4342 tamem
1509 4277 1543 4333 ut
1564 4270 1604 4333 de
1626 4270 1740 4343 critica,
1771 4286 1860 4351 quam
1883 4274 2004 4340 vocant,

414 4391 517 4474 deque
538 4392 690 4474 Wagneri
711 4390 874 4467 sententia,
903 4406 992 4472 quam
1023 4406 1140 4469 operae
1161 4389 1294 4471 pretium
1317 4393 1365 4449 est
1385 4385 1553 4468 diligenter
1574 4385 1762 4458 examinare,
1784 4380 1929 4446 nonnulle
1950 4400 2017 4463 prm

415 4509 476 4572 Sed
498 4508 669 4573 videamus.

541 4622 572 4707 §.
589 4623 620 4689 3.
643 4625 712 4689 Non
723 4641 785 4688 uno
796 4622 920 4687 nomine
931 4641 948 4685 ι
960 4622 1122 4706 plerisque
1138 4621 1250 4686 fabulis
1261 4620 1506 4686 differtAlcestie
1517 4620 1697 4701 Euripidem
1711 4636 1780 4682 nam
1792 4616 1960 4699 singularis
1973 4624 2017 4682 est

415 4742 605 4816 oeconomia,
634 4740 811 4826 singularis,
840 4757 931 4823 quam
953 4738 1087 4812 exhibet,
1117 4756 1321 4820 personarum
1349 4738 1526 4821 descriptio,
1555 4736 1722 4821 singularia
1744 4734 1881 4818 denique
1903 4734 1974 4809 lata,
2006 4754 2017 4814 ι

415 4859 592 4923 criticorum
614 4858 724 4924 studiis
746 4858 854 4922 sortita
877 4864 933 4921 est.
968 4856 1053 4930 Quae
1084 4854 1208 4939 quidam
1229 4854 1291 4920 lata
1311 4865 1372 4920 tam
1393 4874 1474 4920 nove
1496 4873 1569 4920 esse
1591 4852 1733 4918 videntur
1755 4859 1786 4917 et
1807 4852 1950 4925 inaudita,
1979 4858 2012 4914 ut

988 4974 991 4979 ’
1841 4958 1859 5018 ι
