4250 5442
232 758 236 769 ’
312 828 318 837 ,
368 753 514 819 nitendum
538 753 607 817 erit.

1119 207 1356 279 ..21-

368 420 405 471 ac
425 401 540 467 laetitia
563 398 754 485 pertundere
783 407 991 485 spectatorum
1017 401 1137 466 animos
1159 400 1257 466 voluit
1276 408 1378 482 poeta,
1408 402 1450 466 ita
1472 409 1583 481 nmen,
1611 411 1645 468 ιιι
1672 404 1788 468 ιιιιίιι
1818 421 1855 467 ac
1880 402 2006 486 pedete

367 519 551 603 tragoediae
573 519 739 584 severitate
762 517 800 583 ad
822 517 1005 584 comoediae
1027 518 1182 583 levitatem
1203 536 1263 584 nus
1285 517 1512 593 transduceret
1535 518 1629 602 quod,
1652 521 1741 583 ctiam
1764 521 1792 585 si
1814 521 1935 603 singula
1957 539 2008 604 qur

368 638 469 707 minus
491 636 669 718 probantur,
697 643 800 701 tamen
829 636 860 700 in
892 636 1072 702 universum
1096 636 1210 720 optime
1234 636 1264 699 ei
1286 636 1425 700 cessisse
1446 653 1546 720 aeque
1565 634 1772 718 judicantibus
1794 635 1882 700 nobis
1905 643 2006 717 apert

2029 744 2031 777 l

1095 939 1383 949 m

1012 1109 1176 1215 caput
1208 1114 1463 1215 quartum.

601 1295 661 1370 De
684 1316 922 1392 personarum
946 1294 1191 1392 descriptione
1215 1297 1254 1371 in
1278 1296 1465 1372 Alcestide
1488 1297 1674 1395 Euripidis
1697 1297 1867 1372 exhibita.

497 1464 527 1548 ξ.
552 1463 603 1531 st.
628 1467 790 1549 Postquam
812 1468 844 1531 in
865 1466 1119 1532 antecedentibus
1149 1467 1188 1532 de
1217 1468 1344 1532 historia
1375 1468 1481 1531 critica
1512 1486 1549 1532 ac
1571 1468 1719 1549 peculiari
1742 1467 1863 1531 tabulae
1885 1466 1989 1531 indole

370 1586 498 1663 suimus,
522 1585 672 1667 sequitur,
694 1591 728 1647 ut
749 1584 788 1648 de
811 1585 955 1667 personis
978 1586 1142 1666 Apollinis,
1165 1586 1247 1659 Orci,
1270 1583 1447 1661 Alcestidis,
1476 1583 1610 1660 Admeti,
1638 1584 1780 1647 Herculis
1803 1583 1950 1665 deinceps
1974 1584 2004 1646 di

369 1720 447 1766 mus.
482 1702 599 1784 ltaque,
622 1702 650 1764 si
671 1701 782 1782 placet,
805 1700 843 1764 ab
866 1701 1017 1783 Apollinis
1040 1710 1072 1766 et
1093 1703 1166 1767 Orci
1187 1701 1430 1784 proficiscamur,
1459 1701 1510 1782 qui
1533 1698 1666 1764 fabulam
1689 1700 1898 1781 auspicantur:
1921 1700 1983 1777 ille,

369 1837 442 1901 gum
466 1818 688 1900 pronuncians;
718 1818 777 1891 bic,
807 1836 878 1881 mox
900 1819 931 1881 in
953 1837 1048 1883 soona
1070 1838 1223 1902 apparens
1245 1836 1378 1900 cumque
1400 1816 1544 1898 Apolline
1567 1816 1606 1879 de
1627 1816 1750 1880 Admeti
1771 1835 1871 1880 uxore
1893 1816 2012 1879 ardenti

368 1937 483 1998 rixans.
506 1935 572 1999 Nec
593 1933 728 2017 probare
750 1952 926 2016 possumus,
956 1936 1038 2019 quod
1066 1937 1241 2018 Koechlyus
1264 1935 1428 1998 arbitratur
1437 1931 1472 2013 ¹),
1502 1952 1542 1997 ne
1564 1933 1621 1996 hos
1644 1933 1767 2016 quidem
1790 1933 1828 1998 ab
1852 1952 1901 2007 eo,
1933 1934 2013 2016 quod

370 2060 458 2133 cepta
479 2051 650 2130 Alcestide,
679 2070 833 2133 personae
855 2051 946 2134 hujus
968 2051 1091 2118 fabulae
1114 2054 1152 2118 ad
1175 2072 1264 2119 unam
1289 2069 1397 2117 omnes
1421 2069 1495 2133 prae
1517 2069 1553 2114 se
1577 2049 1685 2123 ierant,
1717 2041 1984 2122 a'materialismm

371 2177 490 2246 vocant,
514 2168 632 2232 alienos
656 2186 743 2241 csse;
767 2169 859 2231 immo
882 2168 913 2229 in
935 2176 1068 2252 utroque
1090 2171 1254 2235 manifesto
1277 2189 1347 2234 eum
1362 2170 1498 2233 elucere.
1520 2168 1589 2231 Duo
1613 2169 1693 2230 enim
1717 2185 1789 2232 esse
1812 2174 1930 2244 censet,
1953 2184 2012 2249 qua

370 2293 463 2349 totam
487 2284 620 2349 fabulam
643 2293 810 2366 appareant
831 2303 868 2347 ac
889 2285 973 2348 velut
994 2283 1200 2363 dominentur,
1231 2288 1271 2350 ita
1293 2295 1404 2363 tamen,
1432 2293 1466 2348 ut
1491 2286 1572 2347 inter
1601 2303 1637 2348 se
1660 2284 1800 2366 opposita
1823 2286 1883 2347 sint
1905 2291 1936 2347 et
1957 2302 2020 2366 pug

370 2401 574 2474 idealismum,
598 2402 647 2462 cui
669 2417 729 2463 una
751 2401 886 2464 Alcestis
908 2399 1028 2463 addicta
1050 2402 1099 2473 sit,
1123 2409 1154 2465 et
1170 2402 1429 2476 materialismnm,
1452 2403 1503 2464 cui
1524 2402 1621 2464 ceteri
1634 2399 1811 2482 indulgeant
1825 2417 1943 2462 omnes.
1969 2433 2008 2445 —

371 2517 468 2598 igitur
490 2514 529 2579 de
552 2515 694 2596 Apolline
716 2515 911 2598 lloecblyosi
933 2516 1070 2580 Alcestin
1093 2518 1153 2592 (sic
1174 2517 1226 2580 ille
1234 2513 1275 2596 ἰ)
1298 2535 1427 2582 servare
1450 2517 1657 2599 concupiscit5
1679 2514 1871 2598 persuadere
1893 2514 1995 2579 studet
2033 2596 2036 2605 J

372 2640 404 2696 ut
426 2631 569 2705 dimittat;
592 2630 673 2694 haud
695 2633 795 2695 minus
819 2634 918 2714 amplo
942 2631 1053 2696 iuuere
1066 2650 1156 2694 anum
1172 2632 1283 2697 elatum
1301 2634 1339 2696 iri
1356 2641 1526 2699 asseverat.
1549 2635 1595 2698 En
1617 2631 1753 2715 adspice,
1775 2632 1882 2713 inquit,
1905 2631 1987 2716 quod
2002 2607 2037 2713 pu

370 2756 473 2832 putum
502 2748 752 2811 materialismum
774 2747 908 2813 redolet!
943 2749 1009 2812 Nec
1042 2751 1142 2812 minus
1176 2748 1322 2813 redolere
1345 2752 1496 2832 opinatur,
1536 2768 1616 2833 qnae
1639 2749 1738 2812 Orcus
1761 2747 1964 2830 respondeat:
2005 2746 2037 2811 ιι

372 2864 455 2927 modi
476 2864 579 2945 legem
602 2865 717 2927 nemini
740 2883 779 2926 ex
800 2883 859 2928 usu
882 2864 950 2929 iore
972 2866 1033 2928 nisi
1055 2867 1219 2946 opulentis,
1243 2867 1357 2948 quippe
1380 2869 1432 2950 qui
1454 2874 1645 2931 senectutem
1669 2864 1728 2929 sibi
1749 2863 1919 2928 redemtori
1941 2882 2035 2928 essen

373 2979 490 3054 Quibus
512 2981 701 3061 argumentis
731 2987 846 3042 tantum
877 2980 965 3045 abest
985 2990 1018 3046 ιιι
1040 2981 1281 3059 subscribamus,
1314 2991 1346 3048 ιιι
1374 2984 1562 3067 Κοιιιιιγιιιιι
1597 2985 1627 3046 in
1658 2981 1824 3047 odorandis
1861 2982 2037 3057 „materialis

371 3097 492 3161 indiciis
515 3116 636 3161 omnem
652 3096 775 3161 modum
794 3101 972 3164 excessisse
989 3118 1058 3165 cum
1070 3096 1364 3176 Rarrchensteinio³)
1386 3102 1579 3166 arbitremur.
1605 3135 1643 3145 -
1665 3100 1703 3163 Et
1724 3107 1756 3163 ut
1778 3101 1855 3163 tales
1878 3100 2015 3181 argutias

371 3234 423 3280 ιιι
446 3192 554 3278 faciam
583 3217 757 3296 (argutatur
785 3223 886 3279 autem
915 3217 962 3279 ιιι
989 3218 1262 3299 ingeniosissimus
1290 3219 1540 3282 materialismum
1563 3219 1654 3281 iniis
1677 3215 1847 3290 odorando,
1882 3235 1962 3299 quae
1991 3225 2037 3278 nat

371 3332 531 3416 cujusdam
554 3332 755 3414 simplicitatis
778 3332 867 3415 plena
890 3337 983 3410 sunt),
1011 3334 1089 3397 baec
1118 3335 1211 3417 igitur
1233 3343 1266 3398 ιιι
1288 3336 1381 3398 missa
1404 3335 1523 3412 faciam,
1554 3335 1678 3398 minime
1700 3333 1773 3398 illud
1795 3333 1936 3415 dispicio,
1967 3333 2037 3415 quid

372 3450 453 3533 quod
475 3451 578 3523 vitam,
602 3468 681 3530 quae
704 3449 904 3513 inAlccstide
925 3469 1024 3534 usque
1048 3469 1170 3534 quaque
1193 3454 1320 3515 summis
1344 3452 1485 3516 laudibus
1500 3451 1638 3528 effertur,
1661 3459 1720 3514 tam
1745 3450 1804 3513 vile
1827 3449 1940 3512 bonum
1960 3451 2036 3513 exist

372 3566 408 3628 V.
432 3567 485 3638 Ol,
515 3567 607 3629 immo
630 3564 668 3629 ad
690 3567 843 3630 lunonem
865 3577 1023 3647 provocet,
1052 3587 1131 3650 quae
1154 3588 1248 3651 quum
1276 3570 1345 3650 pios
1375 3569 1454 3632 lilios
1486 3569 1626 3631 maximis
1649 3566 1777 3631 allicere
1799 3567 1931 3630 voluerit
1953 3585 2037 3648 praet

373 3690 504 3746 mortem
526 3685 563 3747 iis
587 3683 729 3747 attulerit.
753 3682 1014 3757 Quemadmodum
1037 3693 1138 3749 autem
1162 3689 1287 3750 omnino
1310 3686 1486 3769 huJusmodi
1508 3686 1690 3750 collationes
1715 3685 1856 3747 vacillant
1875 3692 1906 3748 et
1924 3685 2037 3749 claudi(

371 3802 413 3864 ita
435 3800 513 3862 haec
533 3800 662 3864 lunonis
685 3802 937 3865 commemoratio
960 3803 1096 3867 omniurn
1119 3805 1243 3868 minime
1265 3813 1334 3885 apta
1357 3812 1413 3876 est,
1444 3805 1516 3886 quia
1545 3802 1623 3865 haec
1645 3809 1750 3864 nostra
1780 3800 1881 3864 iabnla
1905 3802 2024 3884 etipse

372 3916 452 3988 thus,
476 3917 582 3998 quiin
605 3934 641 3979 ea
662 3923 818 3993 tractatur,
841 3917 935 3999 inque
956 3919 1064 4000 primis
1087 3937 1220 4000 persona
1242 3919 1376 3991 Admeti,
1405 3927 1519 3983 lantum
1542 3922 1623 3983 vitae
1645 3937 1783 3982 amorem
1805 3920 1931 3999 spirant,
1954 3926 1986 3982 ιιι
2007 3919 2033 3981 D

371 4030 481 4111 tzer⁴),
515 4035 563 4096 vir
589 4035 789 4112 clarissimus,
821 4036 970 4098 moralem
998 4034 1122 4099 fabulae
1150 4038 1331 4100 sententiam
1361 4036 1443 4098 illam
1474 4054 1547 4100 esse
1569 4044 1700 4118 putaret,
1735 4037 1915 4100 neminem
1946 4034 2037 4096 liber

372 4147 509 4227 mori³)·
545 4151 623 4225 Quid
650 4145 768 4233 igilur?
802 4153 861 4215 Per
887 4158 979 4216 totam
1008 4150 1141 4215 fabulam
1167 4153 1218 4216 hic
1250 4154 1331 4217 vitae
1360 4171 1446 4215 amor
1474 4160 1586 4235 regnat
1613 4161 1644 4216 et
1672 4153 1860 4227 dominatur,
1895 4151 2037 4234 diligitv

475 4354 499 4416 1)
518 4355 569 4408 Lit.
589 4354 732 4407 Taschenb.
751 4353 796 4412 Ed,
815 4353 904 4406 Prutz.
927 4355 1001 4409 rsit,
1020 4368 1044 4419 p.
1066 4357 1126 4408 367.
1146 4358 1210 4411 888:
1229 4357 1295 4410 liass
1314 4357 1402 4412 dieser
1419 4358 1481 4420 (der
1499 4358 1719 4421 Materialismus)
1740 4396 1746 4408 .
1767 4395 1773 4407 .
1794 4395 1800 4406 .
1820 4367 1901 4419 sogor
1919 4354 1978 4408 dem
1998 4357 2035 4420 Ap

372 4440 427 4492 und
445 4441 578 4493 Tbauatos
596 4439 673 4491 nicbt
689 4438 776 4491 tremd
794 4439 838 4502 ist,
864 4439 952 4502 zelgte
972 4440 1014 4493 die
1033 4441 1156 4502 Analyse.
1181 4468 1215 4477 —-
1241 4436 1265 4506 ²)
1291 4441 1320 4493 L.
1340 4443 1357 4494 l.
1376 4454 1403 4505 p.
1422 4443 1481 4494 367.
1507 4466 1542 4478 -
1569 4437 1593 4507 θ)
1619 4441 1804 4494 mentones
1824 4440 1885 4496 Eur.
1905 4440 1945 4493 als
1964 4442 2020 4494 bes.

372 4525 420 4577 des
438 4525 538 4587 griecb.
558 4524 676 4578 brumas.
704 4538 730 4589 p.
751 4525 782 4577 ιι
799 4523 864 4576 inlr.
883 4525 917 4576 al.
943 4551 978 4560 -
1004 4520 1033 4590 4)·
1048 4525 1121 4579 Neue
1139 4525 1246 4578 Jabrbb.
1265 4527 1311 4579 ιιι
1328 4527 1392 4580 Phil.
1413 4528 1464 4580 etc.
1491 4528 1515 4581 5.
1535 4526 1685 4590 suppl-Bt.
1704 4539 1730 4589 p.
1752 4527 1808 4578 tec.
1835 4552 1869 4561 —
1896 4519 1923 4588 ³)
1942 4525 2037 4588 Quanti

372 4609 520 4662 cavendum
538 4611 582 4675 stt,
601 4622 636 4663 ne
656 4610 722 4663 tales
740 4610 853 4674 ideae,
873 4621 938 4674 quas
957 4611 1063 4675 vocant,
1082 4610 1169 4675 poetls
1188 4611 1376 4675 obtrudantur,
1396 4611 1556 4664 documento
1576 4613 1618 4665 est
1635 4610 1770 4664 sententia
1788 4609 1952 4677 lloepnnerl,
1972 4612 2016 4674 pul

372 4693 461 4757 pidem
481 4703 512 4745 eo
532 4694 643 4747 consilio
662 4694 802 4758 cyclopem
821 4694 1013 4759 conscripsisse
1030 4695 1137 4759 statuit,
1164 4696 1194 4746 ut
1218 4695 1289 4747 vini
1313 4696 1454 4748 abusum
1477 4696 1632 4760 potatori
1656 4696 1832 4749 marimum
1860 4696 2034 4751 detrimen

372 4779 503 4831 atlerre
529 4777 647 4832 doceret.
672 4779 810 4844 tidelm
834 4779 897 4833 diss.
921 4780 953 4834 de
977 4779 1091 4844 cyclope
1115 4780 1158 4832 in:
1186 4779 1382 4833 scnncntnorst
1407 4782 1436 4834 et
1458 4781 1579 4846 Ruperti,
1606 4792 1690 4834 neues
1715 4781 1835 4845 nnumin
1859 4782 1905 4835 ιιι
1928 4780 2036 4834 Schelle

374 4863 738 4931 tffiktpffimm
