<?xml version="1.0" encoding="UTF-8"?>
<!DOCTYPE html PUBLIC "-//W3C//DTD XHTML 1.0 Transitional//EN"
    "http://www.w3.org/TR/xhtml1/DTD/xhtml1-transitional.dtd">
<html xmlns="http://www.w3.org/1999/xhtml" xml:lang="en" lang="en">
 <head>
  <title>
</title>
<meta http-equiv="Content-Type" content="text/html;charset=utf-8" />
  <meta name='ocr-system' content='tesseract 3.04.00' />
  <meta name='ocr-capabilities' content='ocr_page ocr_carea ocr_par ocr_line ocrx_word'/>
</head>
<body>
  <div class='ocr_page' id='page_1' title='image "./commentatiodeal00buchgoog_0008.png"; bbox 0 0 4250 5442; ppageno 0'>
   <div class='ocr_carea' id='block_1_1' title="bbox 856 234 1095 352">
    <p class='ocr_par' dir='ltr' id='par_1_1' title="bbox 856 234 1095 352">
     <span class='ocr_line' id='line_1_1' title="bbox 856 234 1095 352; baseline -0.004 -19"><span class='ocrx_word' id='word_1_1' title='bbox 856 234 1095 352; x_wconf 66' lang='lat' dir='ltr'><strong>..p-</strong></span> 
     </span>
    </p>
   </div>
   <div class='ocr_carea' id='block_1_2' title="bbox 105 445 1844 680">
    <p class='ocr_par' dir='ltr' id='par_1_2' title="bbox 105 445 1844 680">
     <span class='ocr_line' id='line_1_2' title="bbox 105 445 1844 563; baseline -0.001 -19"><span class='ocrx_word' id='word_1_2' title='bbox 105 486 193 563; x_wconf 91' lang='lat' dir='ltr'><strong>parte</strong></span> <span class='ocrx_word' id='word_1_3' title='bbox 214 479 267 542; x_wconf 83' lang='lat' dir='ltr'><strong>uix</strong></span> <span class='ocrx_word' id='word_1_4' title='bbox 288 477 349 542; x_wconf 93' lang='lat' dir='ltr'><strong>ulla</strong></span> <span class='ocrx_word' id='word_1_5' title='bbox 371 475 473 541; x_wconf 85' lang='lat' dir='ltr'><strong>lobule</strong></span> <span class='ocrx_word' id='word_1_6' title='bbox 496 493 565 540; x_wconf 92' lang='lat' dir='ltr'><strong>cum</strong></span> <span class='ocrx_word' id='word_1_7' title='bbox 587 472 746 541; x_wconf 77' lang='lat' dir='ltr'><strong>Alcestide</strong></span> <span class='ocrx_word' id='word_1_8' title='bbox 768 473 941 556; x_wconf 87' lang='lat' dir='ltr'><strong>comparari</strong></span> <span class='ocrx_word' id='word_1_9' title='bbox 963 472 1071 556; x_wconf 79' lang='lat' dir='ltr'><strong>possit.</strong></span> <span class='ocrx_word' id='word_1_10' title='bbox 1111 474 1187 538; x_wconf 87' lang='lat' dir='ltr'><strong>Nam</strong></span> <span class='ocrx_word' id='word_1_11' title='bbox 1215 474 1302 557; x_wconf 91' lang='lat' dir='ltr'><strong>plura</strong></span> <span class='ocrx_word' id='word_1_12' title='bbox 1330 493 1388 558; x_wconf 90' lang='lat' dir='ltr'><strong>per</strong></span> <span class='ocrx_word' id='word_1_13' title='bbox 1416 445 1541 541; x_wconf 75' lang='lat' dir='ltr'><strong>saecula</strong></span> <span class='ocrx_word' id='word_1_14' title='bbox 1569 475 1684 542; x_wconf 88' lang='lat' dir='ltr'><strong>crassis</strong></span> <span class='ocrx_word' id='word_1_15' title='bbox 1705 477 1844 543; x_wconf 89' lang='lat' dir='ltr'><strong>tenebris</strong></span> 
     </span>
     <span class='ocr_line' id='line_1_3' title="bbox 107 589 1843 680; baseline -0.001 -20"><span class='ocrx_word' id='word_1_16' title='bbox 107 595 195 680; x_wconf 86' lang='lat' dir='ltr'><strong>qucsl</strong></span> <span class='ocrx_word' id='word_1_17' title='bbox 217 593 404 659; x_wconf 83' lang='lat' dir='ltr'><strong>circumfusa</strong></span> <span class='ocrx_word' id='word_1_18' title='bbox 422 592 562 675; x_wconf 85' lang='lat' dir='ltr'><strong>jacebat;</strong></span> <span class='ocrx_word' id='word_1_19' title='bbox 591 590 788 675; x_wconf 91' lang='lat' dir='ltr'><strong>amblgehaut</strong></span> <span class='ocrx_word' id='word_1_20' title='bbox 809 590 918 669; x_wconf 91' lang='lat' dir='ltr'><strong>critici,</strong></span> <span class='ocrx_word' id='word_1_21' title='bbox 940 589 1014 674; x_wconf 90' lang='lat' dir='ltr'><strong>quid</strong></span> <span class='ocrx_word' id='word_1_22' title='bbox 1035 590 1158 655; x_wconf 87' lang='lat' dir='ltr'><strong>tandem</strong></span> <span class='ocrx_word' id='word_1_23' title='bbox 1181 589 1221 656; x_wconf 89' lang='lat' dir='ltr'><strong>de</strong></span> <span class='ocrx_word' id='word_1_24' title='bbox 1243 591 1320 655; x_wconf 91' lang='lat' dir='ltr'><strong>mira</strong></span> <span class='ocrx_word' id='word_1_25' title='bbox 1341 591 1399 656; x_wconf 93' lang='lat' dir='ltr'><strong>hac</strong></span> <span class='ocrx_word' id='word_1_26' title='bbox 1420 591 1522 657; x_wconf 88' lang='lat' dir='ltr'><strong>labula</strong></span> <span class='ocrx_word' id='word_1_27' title='bbox 1544 592 1720 659; x_wconf 88' lang='lat' dir='ltr'><strong>laciendum</strong></span> <span class='ocrx_word' id='word_1_28' title='bbox 1742 603 1843 669; x_wconf 86' lang='lat' dir='ltr'><strong>esset;</strong></span> 
     </span>
    </p>
   </div>
   <div class='ocr_carea' id='block_1_3' title="bbox 106 705 1968 792">
    <p class='ocr_par' dir='ltr' id='par_1_3' title="bbox 106 705 1968 792">
     <span class='ocr_line' id='line_1_4' title="bbox 106 705 1968 792; baseline -0.004 -17"><span class='ocrx_word' id='word_1_29' title='bbox 106 715 200 776; x_wconf 86' lang='lat' dir='ltr'><strong>immo</strong></span> <span class='ocrx_word' id='word_1_30' title='bbox 220 717 383 792; x_wconf 75' lang='lat' dir='ltr'><strong>tantopere</strong></span> <span class='ocrx_word' id='word_1_31' title='bbox 403 708 606 782; x_wconf 75' lang='lat' dir='ltr'><strong>haesitabant,</strong></span> <span class='ocrx_word' id='word_1_32' title='bbox 635 708 674 773; x_wconf 88' lang='lat' dir='ltr'><strong>ad</strong></span> <span class='ocrx_word' id='word_1_33' title='bbox 703 705 786 791; x_wconf 93' lang='lat' dir='ltr'><strong>quod</strong></span> <span class='ocrx_word' id='word_1_34' title='bbox 813 707 1007 790; x_wconf 89' lang='lat' dir='ltr'><strong>potissimum</strong></span> <span class='ocrx_word' id='word_1_35' title='bbox 1029 706 1198 772; x_wconf 86' lang='lat' dir='ltr'><strong>dramatum</strong></span> <span class='ocrx_word' id='word_1_36' title='bbox 1220 726 1321 791; x_wconf 90' lang='lat' dir='ltr'><strong>genus</strong></span> <span class='ocrx_word' id='word_1_37' title='bbox 1343 727 1420 781; x_wconf 74' lang='lat' dir='ltr'><strong>eam,</strong></span> <span class='ocrx_word' id='word_1_38' title='bbox 1432 709 1598 789; x_wconf 83' lang='lat' dir='ltr'><strong>referrent,</strong></span> <span class='ocrx_word' id='word_1_39' title='bbox 1627 720 1662 775; x_wconf 94' lang='lat' dir='ltr'><strong>ut</strong></span> <span class='ocrx_word' id='word_1_40' title='bbox 1682 729 1763 775; x_wconf 93' lang='lat' dir='ltr'><strong>nunc</strong></span> <span class='ocrx_word' id='word_1_41' title='bbox 1783 719 1844 775; x_wconf 89' lang='lat' dir='ltr'><strong>tra·</strong></span> <span class='ocrx_word' id='word_1_42' title='bbox 1962 758 1968 768; x_wconf 92' lang='lat'><strong>.</strong></span> 
     </span>
    </p>
   </div>
   <div class='ocr_carea' id='block_1_4' title="bbox 107 820 1951 2665">
    <p class='ocr_par' dir='ltr' id='par_1_4' title="bbox 107 820 1951 2665">
     <span class='ocr_line' id='line_1_5' title="bbox 108 820 1845 913; baseline -0.002 -20"><span class='ocrx_word' id='word_1_43' title='bbox 108 826 383 913; x_wconf 85' lang='lat' dir='ltr'><strong>gicocomoediam,</strong></span> <span class='ocrx_word' id='word_1_44' title='bbox 414 842 496 889; x_wconf 91' lang='lat' dir='ltr'><strong>nunc</strong></span> <span class='ocrx_word' id='word_1_45' title='bbox 525 823 630 888; x_wconf 88' lang='lat' dir='ltr'><strong>drama</strong></span> <span class='ocrx_word' id='word_1_46' title='bbox 652 824 828 906; x_wconf 79' lang='lat' dir='ltr'><strong>satyricum,</strong></span> <span class='ocrx_word' id='word_1_47' title='bbox 857 842 940 888; x_wconf 90' lang='lat' dir='ltr'><strong>nunc</strong></span> <span class='ocrx_word' id='word_1_48' title='bbox 960 822 1163 907; x_wconf 85' lang='lat' dir='ltr'><strong>tragoediam,</strong></span> <span class='ocrx_word' id='word_1_49' title='bbox 1192 842 1275 888; x_wconf 92' lang='lat' dir='ltr'><strong>nunc</strong></span> <span class='ocrx_word' id='word_1_50' title='bbox 1305 820 1418 908; x_wconf 79' lang='grc' dir='ltr'><em>δρᾶμα</em></span> <span class='ocrx_word' id='word_1_51' title='bbox 1446 827 1569 908; x_wconf 81' lang='grc' dir='ltr'><strong>μικτὸν,</strong></span> <span class='ocrx_word' id='word_1_52' title='bbox 1599 844 1681 891; x_wconf 88' lang='lat' dir='ltr'><strong>nunc</strong></span> <span class='ocrx_word' id='word_1_53' title='bbox 1711 826 1845 911; x_wconf 91' lang='lat' dir='ltr'><strong>denique</strong></span> 
     </span>
     <span class='ocr_line' id='line_1_6' title="bbox 108 940 1846 1022; baseline -0.001 -14"><span class='ocrx_word' id='word_1_54' title='bbox 108 944 318 1008; x_wconf 76' lang='lat' dir='ltr'><strong>recentiorum</strong></span> <span class='ocrx_word' id='word_1_55' title='bbox 340 959 428 1005; x_wconf 93' lang='lat' dir='ltr'><strong>more</strong></span> <span class='ocrx_word' id='word_1_56' title='bbox 450 958 570 1004; x_wconf 90' lang='lat' dir='ltr'><strong>merum</strong></span> <span class='ocrx_word' id='word_1_57' title='bbox 592 940 801 1021; x_wconf 78' lang='lat' dir='ltr'><strong>spectaculum</strong></span> <span class='ocrx_word' id='word_1_58' title='bbox 823 949 1026 1022; x_wconf 86' lang='lat' dir='ltr'><strong>nuncupatam</strong></span> <span class='ocrx_word' id='word_1_59' title='bbox 1049 959 1117 1005; x_wconf 85' lang='lat' dir='ltr'><strong>earn</strong></span> <span class='ocrx_word' id='word_1_60' title='bbox 1139 941 1265 1004; x_wconf 83' lang='lat' dir='ltr'><strong>vellent.</strong></span> <span class='ocrx_word' id='word_1_61' title='bbox 1297 940 1331 1004; x_wconf 91' lang='lat' dir='ltr'><strong>ln</strong></span> <span class='ocrx_word' id='word_1_62' title='bbox 1355 940 1466 1004; x_wconf 89' lang='lat' dir='ltr'><strong>mediis</strong></span> <span class='ocrx_word' id='word_1_63' title='bbox 1488 941 1536 1006; x_wconf 94' lang='lat' dir='ltr'><strong>his</strong></span> <span class='ocrx_word' id='word_1_64' title='bbox 1558 945 1663 1006; x_wconf 86' lang='lat' dir='ltr'><strong>rerum</strong></span> <span class='ocrx_word' id='word_1_65' title='bbox 1686 942 1846 1007; x_wconf 84' lang='lat' dir='ltr'><strong>difficulta-</strong></span> 
     </span>
     <span class='ocr_line' id='line_1_7' title="bbox 107 1038 1951 1143; baseline -0.002 -16"><span class='ocrx_word' id='word_1_66' title='bbox 107 1063 190 1127; x_wconf 91' lang='lat' dir='ltr'><strong>tibus</strong></span> <span class='ocrx_word' id='word_1_67' title='bbox 211 1060 320 1124; x_wconf 89' lang='lat' dir='ltr'><strong>ncscio</strong></span> <span class='ocrx_word' id='word_1_68' title='bbox 343 1073 405 1141; x_wconf 91' lang='lat' dir='ltr'><strong>quo</strong></span> <span class='ocrx_word' id='word_1_69' title='bbox 428 1074 523 1120; x_wconf 89' lang='lat' dir='ltr'><strong>caeco</strong></span> <span class='ocrx_word' id='word_1_70' title='bbox 545 1074 620 1119; x_wconf 90' lang='lat' dir='ltr'><strong>casu</strong></span> <span class='ocrx_word' id='word_1_71' title='bbox 641 1055 812 1137; x_wconf 79' lang='lat' dir='ltr'><strong>derepente</strong></span> <span class='ocrx_word' id='word_1_72' title='bbox 834 1056 946 1120; x_wconf 81' lang='lat' dir='ltr'><strong>lectum</strong></span> <span class='ocrx_word' id='word_1_73' title='bbox 970 1066 1027 1133; x_wconf 87' lang='lat' dir='ltr'><strong>est,</strong></span> <span class='ocrx_word' id='word_1_74' title='bbox 1056 1065 1090 1123; x_wconf 90' lang='lat' dir='ltr'><strong>ut</strong></span> <span class='ocrx_word' id='word_1_75' title='bbox 1117 1058 1293 1139; x_wconf 89' lang='lat' dir='ltr'><strong>pusillulum</strong></span> <span class='ocrx_word' id='word_1_76' title='bbox 1315 1058 1455 1123; x_wconf 89' lang='lat' dir='ltr'><strong>scholion</strong></span> <span class='ocrx_word' id='word_1_77' title='bbox 1477 1078 1587 1123; x_wconf 87' lang='lat' dir='ltr'><strong>novem</strong></span> <span class='ocrx_word' id='word_1_78' title='bbox 1609 1069 1700 1143; x_wconf 92' lang='lat' dir='ltr'><strong>atque</strong></span> <span class='ocrx_word' id='word_1_79' title='bbox 1721 1060 1846 1125; x_wconf 86' lang='lat' dir='ltr'><strong>vixdum</strong></span> <span class='ocrx_word' id='word_1_80' title='bbox 1948 1038 1951 1043; x_wconf 38' lang='grc'>’</span> 
     </span>
     <span class='ocr_line' id='line_1_8' title="bbox 110 1172 1845 1262; baseline -0.002 -17"><span class='ocrx_word' id='word_1_81' title='bbox 110 1185 318 1262; x_wconf 77' lang='lat' dir='ltr'><strong>exspectatam</strong></span> <span class='ocrx_word' id='word_1_82' title='bbox 340 1176 441 1239; x_wconf 87' lang='lat' dir='ltr'><strong>lucem</strong></span> <span class='ocrx_word' id='word_1_83' title='bbox 464 1174 616 1237; x_wconf 77' lang='lat' dir='ltr'><strong>obscurae</strong></span> <span class='ocrx_word' id='word_1_84' title='bbox 645 1180 675 1238; x_wconf 90' lang='lat' dir='ltr'><strong>et</strong></span> <span class='ocrx_word' id='word_1_85' title='bbox 697 1172 766 1238; x_wconf 86' lang='lat' dir='ltr'><strong>fere</strong></span> <span class='ocrx_word' id='word_1_86' title='bbox 788 1173 996 1239; x_wconf 86' lang='lat' dir='ltr'><strong>conclamatae</strong></span> <span class='ocrx_word' id='word_1_87' title='bbox 1019 1192 1132 1239; x_wconf 85' lang='lat' dir='ltr'><strong>causac</strong></span> <span class='ocrx_word' id='word_1_88' title='bbox 1154 1174 1291 1239; x_wconf 85' lang='lat' dir='ltr'><strong>allerret.</strong></span> <span class='ocrx_word' id='word_1_89' title='bbox 1325 1174 1500 1239; x_wconf 86' lang='lat' dir='ltr'><strong>Dindorfius</strong></span> <span class='ocrx_word' id='word_1_90' title='bbox 1529 1178 1610 1240; x_wconf 92' lang='lat' dir='ltr'><strong>enim</strong></span> <span class='ocrx_word' id='word_1_91' title='bbox 1641 1177 1845 1260; x_wconf 80' lang='lat' dir='ltr'><strong>fragmentum</strong></span> 
     </span>
     <span class='ocr_line' id='line_1_9' title="bbox 108 1266 1847 1375; baseline -0.002 -15"><span class='ocrx_word' id='word_1_92' title='bbox 108 1295 183 1361; x_wconf 91' lang='lat' dir='ltr'><strong>illud</strong></span> <span class='ocrx_word' id='word_1_93' title='bbox 206 1292 422 1357; x_wconf 89' lang='lat' dir='ltr'><strong>didascalicum</strong></span> <span class='ocrx_word' id='word_1_94' title='bbox 445 1291 477 1353; x_wconf 88' lang='lat' dir='ltr'><strong>in</strong></span> <span class='ocrx_word' id='word_1_95' title='bbox 499 1289 607 1354; x_wconf 85' lang='lat' dir='ltr'><strong>codice</strong></span> <span class='ocrx_word' id='word_1_96' title='bbox 629 1291 732 1372; x_wconf 91' lang='lat' dir='ltr'><strong>aliquo</strong></span> <span class='ocrx_word' id='word_1_97' title='bbox 753 1298 911 1373; x_wconf 84' lang='lat' dir='ltr'><strong>repertum</strong></span> <span class='ocrx_word' id='word_1_98' title='bbox 933 1292 964 1356; x_wconf 90' lang='lat' dir='ltr'><strong>iu</strong></span> <span class='ocrx_word' id='word_1_99' title='bbox 985 1266 1087 1355; x_wconf 84' lang='lat' dir='ltr'><strong>lucem</strong></span> <span class='ocrx_word' id='word_1_100' title='bbox 1102 1290 1206 1365; x_wconf 85' lang='lat' dir='ltr'><strong>edidit,</strong></span> <span class='ocrx_word' id='word_1_101' title='bbox 1217 1288 1242 1372; x_wconf 89' lang='lat'><strong>¹)</strong></span> <span class='ocrx_word' id='word_1_102' title='bbox 1263 1293 1295 1354; x_wconf 90' lang='lat' dir='ltr'><strong>in</strong></span> <span class='ocrx_word' id='word_1_103' title='bbox 1318 1309 1379 1375; x_wconf 93' lang='lat' dir='ltr'><strong>quo</strong></span> <span class='ocrx_word' id='word_1_104' title='bbox 1401 1299 1451 1357; x_wconf 88' lang='lat' dir='ltr'><strong>est</strong></span> <span class='ocrx_word' id='word_1_105' title='bbox 1463 1292 1603 1357; x_wconf 83' lang='lat' dir='ltr'><strong>Alcestin</strong></span> <span class='ocrx_word' id='word_1_106' title='bbox 1625 1310 1687 1356; x_wconf 91' lang='lat' dir='ltr'><strong>non</strong></span> <span class='ocrx_word' id='word_1_107' title='bbox 1709 1292 1847 1358; x_wconf 88' lang='lat' dir='ltr'><strong>secundo</strong></span> 
     </span>
     <span class='ocr_line' id='line_1_10' title="bbox 110 1402 1847 1491; baseline -0.002 -16"><span class='ocrx_word' id='word_1_108' title='bbox 110 1418 161 1475; x_wconf 86' lang='lat' dir='ltr'><strong>aut</strong></span> <span class='ocrx_word' id='word_1_109' title='bbox 181 1409 283 1482; x_wconf 88' lang='lat' dir='ltr'><strong>tertio,</strong></span> <span class='ocrx_word' id='word_1_110' title='bbox 306 1407 338 1470; x_wconf 93' lang='lat' dir='ltr'><strong>id</strong></span> <span class='ocrx_word' id='word_1_111' title='bbox 361 1406 443 1489; x_wconf 93' lang='lat' dir='ltr'><strong>quod</strong></span> <span class='ocrx_word' id='word_1_112' title='bbox 465 1407 537 1469; x_wconf 91' lang='lat' dir='ltr'><strong>olim</strong></span> <span class='ocrx_word' id='word_1_113' title='bbox 558 1406 655 1470; x_wconf 86' lang='lat' dir='ltr'><strong>voluit</strong></span> <span class='ocrx_word' id='word_1_114' title='bbox 676 1405 708 1469; x_wconf 90' lang='lat' dir='ltr'><strong>G.</strong></span> <span class='ocrx_word' id='word_1_115' title='bbox 725 1402 964 1488; x_wconf 86' lang='lat' dir='ltr'><strong>Hermannus¹),</strong></span> <span class='ocrx_word' id='word_1_116' title='bbox 987 1407 1044 1471; x_wconf 91' lang='lat' dir='ltr'><strong>sed</strong></span> <span class='ocrx_word' id='word_1_117' title='bbox 1068 1415 1176 1490; x_wconf 87' lang='lat' dir='ltr'><strong>quarto</strong></span> <span class='ocrx_word' id='word_1_118' title='bbox 1199 1408 1303 1490; x_wconf 89' lang='lat' dir='ltr'><strong>potius</strong></span> <span class='ocrx_word' id='word_1_119' title='bbox 1325 1409 1508 1491; x_wconf 86' lang='lat' dir='ltr'><strong>tetrelogiae</strong></span> <span class='ocrx_word' id='word_1_120' title='bbox 1530 1410 1600 1474; x_wconf 93' lang='lat' dir='ltr'><strong>loco</strong></span> <span class='ocrx_word' id='word_1_121' title='bbox 1615 1419 1713 1474; x_wconf 88' lang='lat' dir='ltr'><strong>actam</strong></span> <span class='ocrx_word' id='word_1_122' title='bbox 1732 1405 1847 1485; x_wconf 82' lang='lat' dir='ltr'><strong>esse⁸).</strong></span> 
     </span>
     <span class='ocr_line' id='line_1_11' title="bbox 111 1521 1847 1609; baseline -0.001 -18"><span class='ocrx_word' id='word_1_123' title='bbox 111 1528 158 1592; x_wconf 88' lang='lat' dir='ltr'><strong>En</strong></span> <span class='ocrx_word' id='word_1_124' title='bbox 176 1524 361 1589; x_wconf 89' lang='lat' dir='ltr'><strong>solutionem</strong></span> <span class='ocrx_word' id='word_1_125' title='bbox 373 1522 565 1604; x_wconf 80' lang='lat' dir='ltr'><strong>aenigmatis,</strong></span> <span class='ocrx_word' id='word_1_126' title='bbox 589 1521 672 1604; x_wconf 94' lang='lat' dir='ltr'><strong>quod</strong></span> <span class='ocrx_word' id='word_1_127' title='bbox 685 1540 742 1603; x_wconf 90' lang='lat' dir='ltr'><strong>per</strong></span> <span class='ocrx_word' id='word_1_128' title='bbox 752 1528 798 1586; x_wconf 87' lang='lat' dir='ltr'><strong>tot</strong></span> <span class='ocrx_word' id='word_1_129' title='bbox 808 1524 933 1587; x_wconf 87' lang='lat' dir='ltr'><strong>saecule</strong></span> <span class='ocrx_word' id='word_1_130' title='bbox 945 1522 1096 1606; x_wconf 87' lang='lat' dir='ltr'><strong>Oedipum</strong></span> <span class='ocrx_word' id='word_1_131' title='bbox 1109 1542 1198 1588; x_wconf 89' lang='lat' dir='ltr'><strong>suum</strong></span> <span class='ocrx_word' id='word_1_132' title='bbox 1211 1525 1459 1590; x_wconf 84' lang='lat' dir='ltr'><strong>desideraverat!</strong></span> <span class='ocrx_word' id='word_1_133' title='bbox 1482 1526 1527 1589; x_wconf 88' lang='lat' dir='ltr'><strong>En</strong></span> <span class='ocrx_word' id='word_1_134' title='bbox 1537 1528 1631 1591; x_wconf 92' lang='lat' dir='ltr'><strong>totius</strong></span> <span class='ocrx_word' id='word_1_135' title='bbox 1643 1528 1690 1591; x_wconf 91' lang='lat' dir='ltr'><strong>rei</strong></span> <span class='ocrx_word' id='word_1_136' title='bbox 1704 1527 1847 1609; x_wconf 88' lang='lat' dir='ltr'><strong>explana·</strong></span> 
     </span>
     <span class='ocr_line' id='line_1_12' title="bbox 111 1619 1848 1725; baseline -0.001 -18"><span class='ocrx_word' id='word_1_137' title='bbox 111 1619 239 1719; x_wconf 79' lang='lat' dir='ltr'><strong>tionem,</strong></span> <span class='ocrx_word' id='word_1_138' title='bbox 268 1658 347 1722; x_wconf 89' lang='lat' dir='ltr'><strong>quae</strong></span> <span class='ocrx_word' id='word_1_139' title='bbox 377 1657 485 1703; x_wconf 88' lang='lat' dir='ltr'><strong>omnes</strong></span> <span class='ocrx_word' id='word_1_140' title='bbox 515 1638 709 1702; x_wconf 85' lang='lat' dir='ltr'><strong>difficultates</strong></span> <span class='ocrx_word' id='word_1_141' title='bbox 737 1640 837 1703; x_wconf 88' lang='lat' dir='ltr'><strong>statim</strong></span> <span class='ocrx_word' id='word_1_142' title='bbox 859 1640 946 1715; x_wconf 89' lang='lat' dir='ltr'><strong>tollit,</strong></span> <span class='ocrx_word' id='word_1_143' title='bbox 980 1640 1082 1723; x_wconf 89' lang='lat' dir='ltr'><strong>deque</strong></span> <span class='ocrx_word' id='word_1_144' title='bbox 1112 1640 1234 1705; x_wconf 84' lang='lat' dir='ltr'><strong>fabulae</strong></span> <span class='ocrx_word' id='word_1_145' title='bbox 1261 1641 1365 1715; x_wconf 90' lang='lat' dir='ltr'><strong>indole</strong></span> <span class='ocrx_word' id='word_1_146' title='bbox 1393 1660 1515 1706; x_wconf 89' lang='lat' dir='ltr'><strong>omnem</strong></span> <span class='ocrx_word' id='word_1_147' title='bbox 1546 1643 1727 1725; x_wconf 90' lang='lat' dir='ltr'><strong>scrupulum</strong></span> <span class='ocrx_word' id='word_1_148' title='bbox 1758 1643 1848 1706; x_wconf 90' lang='lat' dir='ltr'><strong>nobis</strong></span> 
     </span>
     <span class='ocr_line' id='line_1_13' title="bbox 114 1755 1848 1843; baseline -0.001 -20"><span class='ocrx_word' id='word_1_149' title='bbox 114 1759 231 1824; x_wconf 83' lang='lat' dir='ltr'><strong>evellit!</strong></span> <span class='ocrx_word' id='word_1_150' title='bbox 262 1757 339 1820; x_wconf 89' lang='lat' dir='ltr'><strong>llinc</strong></span> <span class='ocrx_word' id='word_1_151' title='bbox 362 1756 442 1819; x_wconf 88' lang='lat' dir='ltr'><strong>enim</strong></span> <span class='ocrx_word' id='word_1_152' title='bbox 466 1755 635 1836; x_wconf 86' lang='lat' dir='ltr'><strong>explicatur</strong></span> <span class='ocrx_word' id='word_1_153' title='bbox 658 1755 795 1819; x_wconf 91' lang='lat' dir='ltr'><strong>comicus</strong></span> <span class='ocrx_word' id='word_1_154' title='bbox 818 1755 941 1837; x_wconf 90' lang='lat' dir='ltr'><strong>qnidam</strong></span> <span class='ocrx_word' id='word_1_155' title='bbox 964 1757 1033 1838; x_wconf 80' lang='lat' dir='ltr'><strong>eJ’us</strong></span> <span class='ocrx_word' id='word_1_156' title='bbox 1056 1758 1152 1830; x_wconf 90' lang='lat' dir='ltr'><strong>color,</strong></span> <span class='ocrx_word' id='word_1_157' title='bbox 1184 1776 1276 1840; x_wconf 91' lang='lat' dir='ltr'><strong>quem</strong></span> <span class='ocrx_word' id='word_1_158' title='bbox 1306 1766 1337 1822; x_wconf 89' lang='lat' dir='ltr'><strong>et</strong></span> <span class='ocrx_word' id='word_1_159' title='bbox 1366 1759 1453 1840; x_wconf 88' lang='lat' dir='ltr'><strong>ipsos</strong></span> <span class='ocrx_word' id='word_1_160' title='bbox 1482 1767 1608 1824; x_wconf 85' lang='lat' dir='ltr'><strong>veteres</strong></span> <span class='ocrx_word' id='word_1_161' title='bbox 1630 1778 1766 1843; x_wconf 84' lang='lat' dir='ltr'><strong>agnosse</strong></span> <span class='ocrx_word' id='word_1_162' title='bbox 1789 1760 1848 1824; x_wconf 90' lang='lat' dir='ltr'><strong>sci·</strong></span> 
     </span>
     <span class='ocr_line' id='line_1_14' title="bbox 113 1869 1849 1958; baseline -0.001 -18"><span class='ocrx_word' id='word_1_163' title='bbox 113 1872 233 1954; x_wconf 82' lang='lat' dir='ltr'><strong>mus‘);</strong></span> <span class='ocrx_word' id='word_1_164' title='bbox 255 1874 328 1936; x_wconf 90' lang='lat' dir='ltr'><strong>hinc</strong></span> <span class='ocrx_word' id='word_1_165' title='bbox 349 1870 527 1945; x_wconf 89' lang='lat' dir='ltr'><strong>similitudo,</strong></span> <span class='ocrx_word' id='word_1_166' title='bbox 556 1890 615 1954; x_wconf 86' lang='lat' dir='ltr'><strong>qua</strong></span> <span class='ocrx_word' id='word_1_167' title='bbox 644 1870 695 1934; x_wconf 93' lang='lat' dir='ltr'><strong>hic</strong></span> <span class='ocrx_word' id='word_1_168' title='bbox 716 1871 779 1934; x_wconf 92' lang='lat' dir='ltr'><strong>illlc</strong></span> <span class='ocrx_word' id='word_1_169' title='bbox 800 1871 838 1933; x_wconf 93' lang='lat' dir='ltr'><strong>ad</strong></span> <span class='ocrx_word' id='word_1_170' title='bbox 860 1871 996 1935; x_wconf 88' lang='lat' dir='ltr'><strong>dramata</strong></span> <span class='ocrx_word' id='word_1_171' title='bbox 1017 1874 1150 1956; x_wconf 76' lang='lat' dir='ltr'><strong>satyrica</strong></span> <span class='ocrx_word' id='word_1_172' title='bbox 1172 1869 1343 1949; x_wconf 84' lang='lat' dir='ltr'><strong>accedit⁸);</strong></span> <span class='ocrx_word' id='word_1_173' title='bbox 1375 1875 1447 1937; x_wconf 91' lang='lat' dir='ltr'><strong>hinc</strong></span> <span class='ocrx_word' id='word_1_174' title='bbox 1474 1875 1640 1958; x_wconf 91' lang='lat' dir='ltr'><strong>singularis</strong></span> <span class='ocrx_word' id='word_1_175' title='bbox 1662 1892 1767 1941; x_wconf 88' lang='lat' dir='ltr'><strong>rerum</strong></span> <span class='ocrx_word' id='word_1_176' title='bbox 1788 1884 1849 1940; x_wconf 89' lang='lat' dir='ltr'><strong>tra-</strong></span> 
     </span>
     <span class='ocr_line' id='line_1_15' title="bbox 113 1990 1852 2079; baseline -0.001 -20"><span class='ocrx_word' id='word_1_177' title='bbox 113 1997 252 2079; x_wconf 87' lang='lat' dir='ltr'><strong>gicorum</strong></span> <span class='ocrx_word' id='word_1_178' title='bbox 275 1993 524 2072; x_wconf 91' lang='lat' dir='ltr'><strong>comicarumque</strong></span> <span class='ocrx_word' id='word_1_179' title='bbox 545 1990 657 2063; x_wconf 87' lang='lat' dir='ltr'><strong>mistio,</strong></span> <span class='ocrx_word' id='word_1_180' title='bbox 692 2008 781 2072; x_wconf 85' lang='lat' dir='ltr'><strong>quem</strong></span> <span class='ocrx_word' id='word_1_181' title='bbox 813 1990 887 2053; x_wconf 88' lang='lat' dir='ltr'><strong>olim</strong></span> <span class='ocrx_word' id='word_1_182' title='bbox 917 1991 1015 2054; x_wconf 90' lang='lat' dir='ltr'><strong>critici</strong></span> <span class='ocrx_word' id='word_1_183' title='bbox 1044 1990 1248 2055; x_wconf 83' lang='lat' dir='ltr'><strong>vehementer</strong></span> <span class='ocrx_word' id='word_1_184' title='bbox 1277 1991 1376 2055; x_wconf 86' lang='lat' dir='ltr'><strong>mirati</strong></span> <span class='ocrx_word' id='word_1_185' title='bbox 1398 1998 1478 2065; x_wconf 89' lang='lat' dir='ltr'><strong>sunt,</strong></span> <span class='ocrx_word' id='word_1_186' title='bbox 1508 2010 1568 2056; x_wconf 88' lang='lat' dir='ltr'><strong>nec</strong></span> <span class='ocrx_word' id='word_1_187' title='bbox 1590 1994 1665 2057; x_wconf 89' lang='lat' dir='ltr'><strong>satis</strong></span> <span class='ocrx_word' id='word_1_188' title='bbox 1687 1995 1852 2075; x_wconf 85' lang='lat' dir='ltr'><strong>quiverunt</strong></span> 
     </span>
     <span class='ocr_line' id='line_1_16' title="bbox 112 2105 1850 2194; baseline -0.002 -17"><span class='ocrx_word' id='word_1_189' title='bbox 112 2111 318 2194; x_wconf 87' lang='lat' dir='ltr'><strong>interpretari.</strong></span> <span class='ocrx_word' id='word_1_190' title='bbox 352 2144 391 2154; x_wconf 93' lang='lat'>—</span> <span class='ocrx_word' id='word_1_191' title='bbox 423 2107 486 2172; x_wconf 84' lang='lat' dir='ltr'><strong>Sed</strong></span> <span class='ocrx_word' id='word_1_192' title='bbox 514 2106 553 2171; x_wconf 87' lang='lat' dir='ltr'><strong>ad</strong></span> <span class='ocrx_word' id='word_1_193' title='bbox 581 2108 659 2171; x_wconf 90' lang='lat' dir='ltr'><strong>haec</strong></span> <span class='ocrx_word' id='word_1_194' title='bbox 686 2106 767 2172; x_wconf 85' lang='lat' dir='ltr'><strong>inira</strong></span> <span class='ocrx_word' id='word_1_195' title='bbox 788 2105 958 2170; x_wconf 87' lang='lat' dir='ltr'><strong>redibimus</strong></span> <span class='ocrx_word' id='word_1_196' title='bbox 965 2133 973 2181; x_wconf 89' lang='lat'>;</span> <span class='ocrx_word' id='word_1_197' title='bbox 1006 2125 1088 2170; x_wconf 91' lang='lat' dir='ltr'><strong>nunc</strong></span> <span class='ocrx_word' id='word_1_198' title='bbox 1115 2107 1154 2170; x_wconf 86' lang='lat' dir='ltr'><strong>ad</strong></span> <span class='ocrx_word' id='word_1_199' title='bbox 1181 2108 1279 2188; x_wconf 85' lang='lat' dir='ltr'><strong>ipsam</strong></span> <span class='ocrx_word' id='word_1_200' title='bbox 1307 2109 1521 2190; x_wconf 88' lang='lat' dir='ltr'><strong>quaestionem</strong></span> <span class='ocrx_word' id='word_1_201' title='bbox 1542 2109 1737 2184; x_wconf 85' lang='lat' dir='ltr'><strong>accedamus,</strong></span> <span class='ocrx_word' id='word_1_202' title='bbox 1770 2128 1850 2194; x_wconf 90' lang='lat' dir='ltr'><strong>quae</strong></span> 
     </span>
     <span class='ocr_line' id='line_1_17' title="bbox 115 2223 1851 2321; baseline -0.001 -28"><span class='ocrx_word' id='word_1_203' title='bbox 115 2230 238 2315; x_wconf 91' lang='lat' dir='ltr'><strong>quidem</strong></span> <span class='ocrx_word' id='word_1_204' title='bbox 261 2227 479 2321; x_wconf 87' lang='lat' dir='ltr'><strong>quadripartita</strong></span> <span class='ocrx_word' id='word_1_205' title='bbox 501 2232 558 2288; x_wconf 77' lang='lat' dir='ltr'><strong>est.</strong></span> <span class='ocrx_word' id='word_1_206' title='bbox 590 2224 667 2288; x_wconf 89' lang='lat' dir='ltr'><strong>Nam</strong></span> <span class='ocrx_word' id='word_1_207' title='bbox 700 2230 793 2286; x_wconf 89' lang='lat' dir='ltr'><strong>totam</strong></span> <span class='ocrx_word' id='word_1_208' title='bbox 819 2223 1157 2287; x_wconf 87' lang='lat' dir='ltr'><strong>commentatiunculam</strong></span> <span class='ocrx_word' id='word_1_209' title='bbox 1178 2224 1220 2286; x_wconf 88' lang='lat' dir='ltr'><strong>ita</strong></span> <span class='ocrx_word' id='word_1_210' title='bbox 1243 2223 1408 2305; x_wconf 89' lang='lat' dir='ltr'><strong>dispertire</strong></span> <span class='ocrx_word' id='word_1_211' title='bbox 1426 2226 1523 2306; x_wconf 88' lang='lat' dir='ltr'><strong>juvat,</strong></span> <span class='ocrx_word' id='word_1_212' title='bbox 1555 2235 1590 2289; x_wconf 94' lang='lat' dir='ltr'><strong>ut</strong></span> <span class='ocrx_word' id='word_1_213' title='bbox 1623 2228 1721 2307; x_wconf 89' lang='lat' dir='ltr'><strong>primo</strong></span> <span class='ocrx_word' id='word_1_214' title='bbox 1750 2230 1851 2309; x_wconf 91' lang='lat' dir='ltr'><strong>capite</strong></span> 
     </span>
     <span class='ocr_line' id='line_1_18' title="bbox 115 2339 1851 2423; baseline -0.002 -11"><span class='ocrx_word' id='word_1_215' title='bbox 115 2348 154 2412; x_wconf 91' lang='lat' dir='ltr'><strong>dc</strong></span> <span class='ocrx_word' id='word_1_216' title='bbox 176 2346 304 2410; x_wconf 88' lang='lat' dir='ltr'><strong>historia</strong></span> <span class='ocrx_word' id='word_1_217' title='bbox 327 2344 432 2407; x_wconf 87' lang='lat' dir='ltr'><strong>critica</strong></span> <span class='ocrx_word' id='word_1_218' title='bbox 454 2339 621 2405; x_wconf 79' lang='lat' dir='ltr'><strong>Alcestidis</strong></span> <span class='ocrx_word' id='word_1_219' title='bbox 655 2340 761 2421; x_wconf 90' lang='lat' dir='ltr'><strong>paucis</strong></span> <span class='ocrx_word' id='word_1_220' title='bbox 785 2358 938 2415; x_wconf 85' lang='lat' dir='ltr'><strong>enarrem,</strong></span> <span class='ocrx_word' id='word_1_221' title='bbox 974 2339 1071 2404; x_wconf 88' lang='lat' dir='ltr'><strong>altero</strong></span> <span class='ocrx_word' id='word_1_222' title='bbox 1093 2340 1244 2423; x_wconf 86' lang='lat' dir='ltr'><strong>Wagneri</strong></span> <span class='ocrx_word' id='word_1_223' title='bbox 1266 2341 1447 2404; x_wconf 82' lang='lat' dir='ltr'><strong>sententium</strong></span> <span class='ocrx_word' id='word_1_224' title='bbox 1471 2341 1653 2419; x_wconf 85' lang='lat' dir='ltr'><strong>examinem,</strong></span> <span class='ocrx_word' id='word_1_225' title='bbox 1687 2344 1778 2407; x_wconf 90' lang='lat' dir='ltr'><strong>tertio</strong></span> <span class='ocrx_word' id='word_1_226' title='bbox 1812 2344 1851 2408; x_wconf 90' lang='lat' dir='ltr'><strong>de</strong></span> 
     </span>
     <span class='ocr_line' id='line_1_19' title="bbox 114 2456 1850 2542; baseline -0.003 -14"><span class='ocrx_word' id='word_1_227' title='bbox 114 2464 218 2528; x_wconf 88' lang='lat' dir='ltr'><strong>indole</strong></span> <span class='ocrx_word' id='word_1_228' title='bbox 241 2461 363 2526; x_wconf 86' lang='lat' dir='ltr'><strong>fabulae</strong></span> <span class='ocrx_word' id='word_1_229' title='bbox 385 2477 484 2542; x_wconf 89' lang='lat' dir='ltr'><strong>agam,</strong></span> <span class='ocrx_word' id='word_1_230' title='bbox 508 2464 616 2541; x_wconf 88' lang='lat' dir='ltr'><strong>quarto</strong></span> <span class='ocrx_word' id='word_1_231' title='bbox 639 2456 774 2538; x_wconf 89' lang='lat' dir='ltr'><strong>denique</strong></span> <span class='ocrx_word' id='word_1_232' title='bbox 795 2456 836 2520; x_wconf 92' lang='lat' dir='ltr'><strong>de</strong></span> <span class='ocrx_word' id='word_1_233' title='bbox 857 2474 1060 2538; x_wconf 87' lang='lat' dir='ltr'><strong>personarum</strong></span> <span class='ocrx_word' id='word_1_234' title='bbox 1084 2457 1293 2539; x_wconf 85' lang='lat' dir='ltr'><strong>descriptione</strong></span> <span class='ocrx_word' id='word_1_235' title='bbox 1315 2457 1346 2520; x_wconf 92' lang='lat' dir='ltr'><strong>in</strong></span> <span class='ocrx_word' id='word_1_236' title='bbox 1359 2457 1519 2522; x_wconf 80' lang='lat' dir='ltr'><strong>Alcestide</strong></span> <span class='ocrx_word' id='word_1_237' title='bbox 1541 2457 1675 2522; x_wconf 85' lang='lat' dir='ltr'><strong>exhibita</strong></span> <span class='ocrx_word' id='word_1_238' title='bbox 1689 2461 1850 2542; x_wconf 84' lang='lat' dir='ltr'><strong>explicem.</strong></span> 
     </span>
     <span class='ocr_line' id='line_1_20' title="bbox 114 2575 777 2665; baseline -0.017 -18"><span class='ocrx_word' id='word_1_239' title='bbox 114 2582 199 2647; x_wconf 87' lang='lat' dir='ltr'><strong>llaec</strong></span> <span class='ocrx_word' id='word_1_240' title='bbox 220 2581 315 2665; x_wconf 89' lang='lat' dir='ltr'><strong>igitur</strong></span> <span class='ocrx_word' id='word_1_241' title='bbox 336 2579 484 2659; x_wconf 89' lang='lat' dir='ltr'><strong>deinceps</strong></span> <span class='ocrx_word' id='word_1_242' title='bbox 505 2576 654 2659; x_wconf 80' lang='lat' dir='ltr'><strong>persequi</strong></span> <span class='ocrx_word' id='word_1_243' title='bbox 674 2575 777 2639; x_wconf 87' lang='lat' dir='ltr'><strong>liceat.</strong></span> 
     </span>
    </p>
   </div>
   <div class='ocr_carea' id='block_1_5' title="bbox 841 2779 1130 2788">
    <p class='ocr_par' dir='ltr' id='par_1_5' title="bbox 841 2779 1130 2788">
     <span class='ocr_line' id='line_1_21' title="bbox 841 2779 1130 2788; baseline 0.003 -2"><span class='ocrx_word' id='word_1_244' title='bbox 841 2779 1130 2788; x_wconf 56' lang='lat' dir='ltr'><strong>m</strong></span> 
     </span>
    </p>
   </div>
   <div class='ocr_carea' id='block_1_6' title="bbox 630 2923 1345 3187">
    <p class='ocr_par' dir='ltr' id='par_1_6' title="bbox 630 2923 1345 3187">
     <span class='ocr_line' id='line_1_22' title="bbox 768 2923 1197 3031; baseline 0.002 -21"><span class='ocrx_word' id='word_1_245' title='bbox 768 2923 933 3031; x_wconf 82' lang='lat' dir='ltr'><strong>ceput</strong></span> <span class='ocrx_word' id='word_1_246' title='bbox 963 2925 1197 3030; x_wconf 80' lang='lat' dir='ltr'><strong>primum</strong></span> 
     </span>
     <span class='ocr_line' id='line_1_23' title="bbox 630 3108 1345 3187; baseline -0.003 -1"><span class='ocrx_word' id='word_1_247' title='bbox 630 3109 798 3187; x_wconf 87' lang='lat' dir='ltr'><strong>Historia</strong></span> <span class='ocrx_word' id='word_1_248' title='bbox 821 3110 947 3185; x_wconf 88' lang='lat' dir='ltr'><strong>critico.</strong></span> <span class='ocrx_word' id='word_1_249' title='bbox 969 3108 1166 3185; x_wconf 86' lang='lat' dir='ltr'><strong>Alcestidis</strong></span> <span class='ocrx_word' id='word_1_250' title='bbox 1190 3110 1345 3184; x_wconf 83' lang='lat' dir='ltr'><strong>fabulae.</strong></span> 
     </span>
    </p>
   </div>
   <div class='ocr_carea' id='block_1_7' title="bbox 117 3279 1858 4305">
    <p class='ocr_par' dir='ltr' id='par_1_7' title="bbox 117 3279 1858 4305">
     <span class='ocr_line' id='line_1_24' title="bbox 244 3279 1852 3372; baseline -0.008 -17"><span class='ocrx_word' id='word_1_251' title='bbox 244 3288 274 3372; x_wconf 64' lang='grc' dir='ltr'><strong>ξ.</strong></span> <span class='ocrx_word' id='word_1_252' title='bbox 297 3286 327 3353; x_wconf 81' lang='lat'><strong>4.</strong></span> <span class='ocrx_word' id='word_1_253' title='bbox 351 3288 529 3370; x_wconf 80' lang='lat' dir='ltr'><strong>Gatalogum</strong></span> <span class='ocrx_word' id='word_1_254' title='bbox 552 3300 670 3356; x_wconf 90' lang='lat' dir='ltr'><strong>eorum,</strong></span> <span class='ocrx_word' id='word_1_255' title='bbox 694 3281 808 3366; x_wconf 87' lang='lat' dir='ltr'><strong>quide</strong></span> <span class='ocrx_word' id='word_1_256' title='bbox 830 3280 990 3346; x_wconf 80' lang='lat' dir='ltr'><strong>Alcestidc</strong></span> <span class='ocrx_word' id='word_1_257' title='bbox 1013 3283 1274 3364; x_wconf 89' lang='lat' dir='ltr'><strong>conscripserunt,</strong></span> <span class='ocrx_word' id='word_1_258' title='bbox 1303 3282 1344 3344; x_wconf 86' lang='lat' dir='ltr'><strong>ita</strong></span> <span class='ocrx_word' id='word_1_259' title='bbox 1367 3280 1534 3362; x_wconf 89' lang='lat' dir='ltr'><strong>disponere</strong></span> <span class='ocrx_word' id='word_1_260' title='bbox 1557 3279 1604 3343; x_wconf 87' lang='lat' dir='ltr'><strong>las</strong></span> <span class='ocrx_word' id='word_1_261' title='bbox 1627 3287 1685 3354; x_wconf 90' lang='lat' dir='ltr'><strong>est,</strong></span> <span class='ocrx_word' id='word_1_262' title='bbox 1707 3286 1741 3344; x_wconf 93' lang='lat' dir='ltr'><strong>ut</strong></span> <span class='ocrx_word' id='word_1_263' title='bbox 1762 3297 1779 3343; x_wconf 88' lang='lat' dir='ltr'><strong>a</strong></span> <span class='ocrx_word' id='word_1_264' title='bbox 1801 3296 1852 3343; x_wconf 90' lang='lat' dir='ltr'><strong>so·</strong></span> 
     </span>
     <span class='ocr_line' id='line_1_25' title="bbox 117 3396 1853 3493; baseline -0.01 -20"><span class='ocrx_word' id='word_1_265' title='bbox 117 3406 292 3493; x_wconf 79' lang='lat' dir='ltr'><strong>purioribus</strong></span> <span class='ocrx_word' id='word_1_266' title='bbox 322 3405 437 3468; x_wconf 91' lang='lat' dir='ltr'><strong>criticis</strong></span> <span class='ocrx_word' id='word_1_267' title='bbox 465 3400 598 3484; x_wconf 85' lang='lat' dir='ltr'><strong>protecti</strong></span> <span class='ocrx_word' id='word_1_268' title='bbox 625 3399 663 3463; x_wconf 92' lang='lat' dir='ltr'><strong>ad</strong></span> <span class='ocrx_word' id='word_1_269' title='bbox 694 3399 887 3463; x_wconf 88' lang='lat' dir='ltr'><strong>recentiores</strong></span> <span class='ocrx_word' id='word_1_270' title='bbox 917 3416 1095 3481; x_wconf 86' lang='lat' dir='ltr'><strong>pergarnus.</strong></span> <span class='ocrx_word' id='word_1_271' title='bbox 1129 3400 1261 3462; x_wconf 86' lang='lat' dir='ltr'><strong>Primum</strong></span> <span class='ocrx_word' id='word_1_272' title='bbox 1289 3398 1383 3480; x_wconf 91' lang='lat' dir='ltr'><strong>igitur</strong></span> <span class='ocrx_word' id='word_1_273' title='bbox 1409 3396 1633 3459; x_wconf 86' lang='lat' dir='ltr'><strong>Brumocum</strong></span> <span class='ocrx_word' id='word_1_274' title='bbox 1662 3397 1694 3459; x_wconf 91' lang='lat' dir='ltr'><strong>in</strong></span> <span class='ocrx_word' id='word_1_275' title='bbox 1727 3412 1853 3459; x_wconf 89' lang='lat' dir='ltr'><strong>censum</strong></span> 
     </span>
     <span class='ocr_line' id='line_1_26' title="bbox 118 3508 1853 3604; baseline -0.011 -13"><span class='ocrx_word' id='word_1_276' title='bbox 118 3524 288 3596; x_wconf 88' lang='lat' dir='ltr'><strong>retulerim,</strong></span> <span class='ocrx_word' id='word_1_277' title='bbox 327 3522 378 3604; x_wconf 92' lang='lat' dir='ltr'><strong>qui</strong></span> <span class='ocrx_word' id='word_1_278' title='bbox 409 3520 440 3582; x_wconf 89' lang='lat' dir='ltr'><strong>iu</strong></span> <span class='ocrx_word' id='word_1_279' title='bbox 468 3518 658 3582; x_wconf 86' lang='lat' dir='ltr'><strong>Graecorum</strong></span> <span class='ocrx_word' id='word_1_280' title='bbox 686 3516 819 3580; x_wconf 81' lang='lat' dir='ltr'><strong>Theatro</strong></span> <span class='ocrx_word' id='word_1_281' title='bbox 849 3516 988 3580; x_wconf 80' lang='lat' dir='ltr'><strong>Alcestin</strong></span> <span class='ocrx_word' id='word_1_282' title='bbox 1016 3533 1141 3598; x_wconf 90' lang='lat' dir='ltr'><strong>quoque</strong></span> <span class='ocrx_word' id='word_1_283' title='bbox 1169 3511 1402 3593; x_wconf 84' lang='lat' dir='ltr'><strong>Francogallicc</strong></span> <span class='ocrx_word' id='word_1_284' title='bbox 1431 3509 1566 3576; x_wconf 87' lang='lat' dir='ltr'><strong>reddidit</strong></span> <span class='ocrx_word' id='word_1_285' title='bbox 1575 3508 1613 3590; x_wconf 82' lang='lat'><strong>⁶).</strong></span> <span class='ocrx_word' id='word_1_286' title='bbox 1650 3512 1698 3574; x_wconf 90' lang='lat' dir='ltr'><strong>llo</strong></span> <span class='ocrx_word' id='word_1_287' title='bbox 1723 3511 1853 3591; x_wconf 90' lang='lat' dir='ltr'><strong>primum</strong></span> 
     </span>
     <span class='ocr_line' id='line_1_27' title="bbox 117 3627 1855 3723; baseline -0.011 -16"><span class='ocrx_word' id='word_1_288' title='bbox 117 3639 297 3723; x_wconf 82' lang='lat' dir='ltr'><strong>Euripidem</strong></span> <span class='ocrx_word' id='word_1_289' title='bbox 326 3636 460 3701; x_wconf 80' lang='lat' dir='ltr'><strong>fabulam</strong></span> <span class='ocrx_word' id='word_1_290' title='bbox 492 3651 580 3698; x_wconf 92' lang='lat' dir='ltr'><strong>suam</strong></span> <span class='ocrx_word' id='word_1_291' title='bbox 611 3650 649 3696; x_wconf 91' lang='lat' dir='ltr'><strong>co</strong></span> <span class='ocrx_word' id='word_1_292' title='bbox 684 3632 813 3697; x_wconf 91' lang='lat' dir='ltr'><strong>consilio</strong></span> <span class='ocrx_word' id='word_1_293' title='bbox 845 3633 1061 3715; x_wconf 83' lang='lat' dir='ltr'><strong>composuisse</strong></span> <span class='ocrx_word' id='word_1_294' title='bbox 1083 3630 1194 3703; x_wconf 88' lang='lat' dir='ltr'><strong>statuit,</strong></span> <span class='ocrx_word' id='word_1_295' title='bbox 1228 3635 1262 3692; x_wconf 93' lang='lat' dir='ltr'><strong>ut</strong></span> <span class='ocrx_word' id='word_1_296' title='bbox 1296 3645 1422 3690; x_wconf 88' lang='lat' dir='ltr'><strong>manere</strong></span> <span class='ocrx_word' id='word_1_297' title='bbox 1455 3646 1511 3691; x_wconf 86' lang='lat' dir='ltr'><strong>sua</strong></span> <span class='ocrx_word' id='word_1_298' title='bbox 1543 3627 1679 3709; x_wconf 89' lang='lat' dir='ltr'><strong>praemia</strong></span> <span class='ocrx_word' id='word_1_299' title='bbox 1701 3627 1855 3700; x_wconf 86' lang='lat' dir='ltr'><strong>virtutem,</strong></span> 
     </span>
     <span class='ocr_line' id='line_1_28' title="bbox 120 3740 1856 3833; baseline -0.012 -8"><span class='ocrx_word' id='word_1_300' title='bbox 120 3759 225 3826; x_wconf 88' lang='lat' dir='ltr'><strong>ornari</strong></span> <span class='ocrx_word' id='word_1_301' title='bbox 254 3776 271 3819; x_wconf 95' lang='lat' dir='ltr'><strong>a</strong></span> <span class='ocrx_word' id='word_1_302' title='bbox 300 3755 358 3818; x_wconf 92' lang='lat' dir='ltr'><strong>diis</strong></span> <span class='ocrx_word' id='word_1_303' title='bbox 386 3769 523 3817; x_wconf 88' lang='lat' dir='ltr'><strong>amorem</strong></span> <span class='ocrx_word' id='word_1_304' title='bbox 553 3750 748 3833; x_wconf 85' lang='lat' dir='ltr'><strong>conjugalem</strong></span> <span class='ocrx_word' id='word_1_305' title='bbox 771 3758 862 3833; x_wconf 90' lang='lat' dir='ltr'><strong>atque</strong></span> <span class='ocrx_word' id='word_1_306' title='bbox 885 3749 1047 3814; x_wconf 88' lang='lat' dir='ltr'><strong>amicitiam</strong></span> <span class='ocrx_word' id='word_1_307' title='bbox 1070 3748 1242 3810; x_wconf 88' lang='lat' dir='ltr'><strong>luculenter</strong></span> <span class='ocrx_word' id='word_1_308' title='bbox 1264 3744 1392 3807; x_wconf 87' lang='lat' dir='ltr'><strong>doceret</strong></span> <span class='ocrx_word' id='word_1_309' title='bbox 1400 3740 1435 3822; x_wconf 68' lang='lat' dir='ltr'><strong>l).</strong></span> <span class='ocrx_word' id='word_1_310' title='bbox 1469 3743 1516 3807; x_wconf 87' lang='lat' dir='ltr'><strong>De</strong></span> <span class='ocrx_word' id='word_1_311' title='bbox 1538 3762 1598 3826; x_wconf 93' lang='lat' dir='ltr'><strong>qua</strong></span> <span class='ocrx_word' id='word_1_312' title='bbox 1621 3743 1732 3821; x_wconf 85' lang='lat' dir='ltr'><strong>,‚idee“</strong></span> <span class='ocrx_word' id='word_1_313' title='bbox 1754 3751 1856 3807; x_wconf 87' lang='lat' dir='ltr'><strong>utrum</strong></span> 
     </span>
     <span class='ocr_line' id='line_1_29' title="bbox 119 3859 1855 3962; baseline -0.01 -20"><span class='ocrx_word' id='word_1_314' title='bbox 119 3886 211 3962; x_wconf 91' lang='lat' dir='ltr'><strong>pocta</strong></span> <span class='ocrx_word' id='word_1_315' title='bbox 233 3892 346 3955; x_wconf 90' lang='lat' dir='ltr'><strong>reapse</strong></span> <span class='ocrx_word' id='word_1_316' title='bbox 369 3869 520 3953; x_wconf 88' lang='lat' dir='ltr'><strong>cogitarit,</strong></span> <span class='ocrx_word' id='word_1_317' title='bbox 543 3886 602 3932; x_wconf 85' lang='lat' dir='ltr'><strong>nco</strong></span> <span class='ocrx_word' id='word_1_318' title='bbox 623 3887 674 3941; x_wconf 89' lang='lat' dir='ltr'><strong>ne,</strong></span> <span class='ocrx_word' id='word_1_319' title='bbox 702 3866 781 3931; x_wconf 85' lang='lat' dir='ltr'><strong>heud</strong></span> <span class='ocrx_word' id='word_1_320' title='bbox 805 3869 879 3932; x_wconf 87' lang='lat' dir='ltr'><strong>satis</strong></span> <span class='ocrx_word' id='word_1_321' title='bbox 902 3867 978 3931; x_wconf 89' lang='lat' dir='ltr'><strong>scio.</strong></span> <span class='ocrx_word' id='word_1_322' title='bbox 1014 3862 1134 3928; x_wconf 88' lang='lat' dir='ltr'><strong>Deinde</strong></span> <span class='ocrx_word' id='word_1_323' title='bbox 1165 3861 1298 3926; x_wconf 83' lang='lat' dir='ltr'><strong>fabulam</strong></span> <span class='ocrx_word' id='word_1_324' title='bbox 1328 3859 1529 3942; x_wconf 87' lang='lat' dir='ltr'><strong>reprehendit</strong></span> <span class='ocrx_word' id='word_1_325' title='bbox 1555 3861 1617 3934; x_wconf 90' lang='lat' dir='ltr'><strong>ille,</strong></span> <span class='ocrx_word' id='word_1_326' title='bbox 1652 3860 1733 3943; x_wconf 90' lang='lat' dir='ltr'><strong>quod</strong></span> <span class='ocrx_word' id='word_1_327' title='bbox 1761 3860 1855 3926; x_wconf 86' lang='lat' dir='ltr'><strong>Grae·</strong></span> 
     </span>
     <span class='ocr_line' id='line_1_30' title="bbox 121 3977 1857 4074; baseline -0.011 -14"><span class='ocrx_word' id='word_1_328' title='bbox 121 4014 188 4060; x_wconf 83' lang='lat' dir='ltr'><strong>com</strong></span> <span class='ocrx_word' id='word_1_329' title='bbox 210 3991 434 4074; x_wconf 89' lang='lat' dir='ltr'><strong>simplicitatem</strong></span> <span class='ocrx_word' id='word_1_330' title='bbox 456 3985 607 4059; x_wconf 86' lang='lat' dir='ltr'><strong>exhibeat,</strong></span> <span class='ocrx_word' id='word_1_331' title='bbox 631 3983 837 4048; x_wconf 87' lang='lat' dir='ltr'><strong>Romanorum</strong></span> <span class='ocrx_word' id='word_1_332' title='bbox 860 3990 892 4046; x_wconf 89' lang='lat' dir='ltr'><strong>et</strong></span> <span class='ocrx_word' id='word_1_333' title='bbox 912 3981 1186 4063; x_wconf 84' lang='lat' dir='ltr'><strong>Francogallorum</strong></span> <span class='ocrx_word' id='word_1_334' title='bbox 1208 3977 1432 4061; x_wconf 85' lang='lat' dir='ltr'><strong>magnificentie</strong></span> <span class='ocrx_word' id='word_1_335' title='bbox 1454 3985 1568 4040; x_wconf 91' lang='lat' dir='ltr'><strong>careat.</strong></span> <span class='ocrx_word' id='word_1_336' title='bbox 1600 3977 1689 4052; x_wconf 81' lang='lat' dir='ltr'><strong>Quod</strong></span> <span class='ocrx_word' id='word_1_337' title='bbox 1706 3978 1857 4062; x_wconf 88' lang='lat' dir='ltr'><strong>judicium</strong></span> 
     </span>
     <span class='ocr_line' id='line_1_31' title="bbox 121 4088 1856 4186; baseline -0.013 -8"><span class='ocrx_word' id='word_1_338' title='bbox 121 4113 181 4178; x_wconf 91' lang='lat' dir='ltr'><strong>sibi</strong></span> <span class='ocrx_word' id='word_1_339' title='bbox 201 4110 313 4175; x_wconf 91' lang='lat' dir='ltr'><strong>habeat</strong></span> <span class='ocrx_word' id='word_1_340' title='bbox 334 4106 447 4177; x_wconf 88' lang='lat' dir='ltr'><strong>Gallus,</strong></span> <span class='ocrx_word' id='word_1_341' title='bbox 479 4104 566 4186; x_wconf 91' lang='lat' dir='ltr'><strong>cujus</strong></span> <span class='ocrx_word' id='word_1_342' title='bbox 595 4100 758 4165; x_wconf 89' lang='lat' dir='ltr'><strong>ridiculum</strong></span> <span class='ocrx_word' id='word_1_343' title='bbox 780 4109 931 4164; x_wconf 88' lang='lat' dir='ltr'><strong>tumorem</strong></span> <span class='ocrx_word' id='word_1_344' title='bbox 950 4100 1023 4181; x_wconf 76' lang='lat' dir='ltr'><strong>iure</strong></span> <span class='ocrx_word' id='word_1_345' title='bbox 1046 4096 1207 4178; x_wconf 82' lang='lat' dir='ltr'><strong>castigavit</strong></span> <span class='ocrx_word' id='word_1_346' title='bbox 1228 4094 1367 4175; x_wconf 88' lang='lat' dir='ltr'><strong>Wagner</strong></span> <span class='ocrx_word' id='word_1_347' title='bbox 1377 4088 1413 4173; x_wconf 84' lang='lat'><strong>⁸),</strong></span> <span class='ocrx_word' id='word_1_348' title='bbox 1442 4101 1473 4156; x_wconf 89' lang='lat' dir='ltr'><strong>et</strong></span> <span class='ocrx_word' id='word_1_349' title='bbox 1500 4092 1593 4157; x_wconf 88' lang='lat' dir='ltr'><strong>hodie</strong></span> <span class='ocrx_word' id='word_1_350' title='bbox 1621 4093 1750 4176; x_wconf 84' lang='lat' dir='ltr'><strong>quilibet</strong></span> <span class='ocrx_word' id='word_1_351' title='bbox 1778 4110 1856 4157; x_wconf 86' lang='lat' dir='ltr'><strong>unus</strong></span> 
     </span>
     <span class='ocr_line' id='line_1_32' title="bbox 120 4209 1858 4305; baseline -0.013 -12"><span class='ocrx_word' id='word_1_352' title='bbox 120 4229 243 4294; x_wconf 90' lang='lat' dir='ltr'><strong>ridebit.</strong></span> <span class='ocrx_word' id='word_1_353' title='bbox 269 4227 346 4291; x_wconf 90' lang='lat' dir='ltr'><strong>Nam</strong></span> <span class='ocrx_word' id='word_1_354' title='bbox 368 4239 499 4305; x_wconf 89' lang='lat' dir='ltr'><strong>ecquem</strong></span> <span class='ocrx_word' id='word_1_355' title='bbox 520 4218 599 4283; x_wconf 92' lang='lat' dir='ltr'><strong>adeo</strong></span> <span class='ocrx_word' id='word_1_356' title='bbox 622 4225 774 4282; x_wconf 87' lang='lat' dir='ltr'><strong>amentem</strong></span> <span class='ocrx_word' id='word_1_357' title='bbox 798 4234 871 4281; x_wconf 89' lang='lat' dir='ltr'><strong>esse</strong></span> <span class='ocrx_word' id='word_1_358' title='bbox 893 4213 1007 4288; x_wconf 89' lang='lat' dir='ltr'><strong>credis,</strong></span> <span class='ocrx_word' id='word_1_359' title='bbox 1030 4214 1084 4296; x_wconf 89' lang='lat' dir='ltr'><strong>qui</strong></span> <span class='ocrx_word' id='word_1_360' title='bbox 1104 4220 1175 4294; x_wconf 90' lang='lat' dir='ltr'><strong>post</strong></span> <span class='ocrx_word' id='word_1_361' title='bbox 1195 4209 1376 4291; x_wconf 86' lang='lat' dir='ltr'><strong>Lessingios</strong></span> <span class='ocrx_word' id='word_1_362' title='bbox 1397 4210 1458 4273; x_wconf 93' lang='lat' dir='ltr'><strong>tale</strong></span> <span class='ocrx_word' id='word_1_363' title='bbox 1481 4210 1646 4292; x_wconf 84' lang='lat' dir='ltr'><strong>quidquam</strong></span> <span class='ocrx_word' id='word_1_364' title='bbox 1668 4209 1801 4294; x_wconf 79' lang='lat' dir='ltr'><strong>probett</strong></span> <span class='ocrx_word' id='word_1_365' title='bbox 1815 4243 1858 4255; x_wconf 96' lang='lat'>—</span> 
     </span>
    </p>
   </div>
   <div class='ocr_carea' id='block_1_8' title="bbox 122 4409 1860 5007">
    <p class='ocr_par' dir='ltr' id='par_1_8' title="bbox 122 4409 1860 5007">
     <span class='ocr_line' id='line_1_33' title="bbox 226 4409 1859 4492; baseline -0.008 -10"><span class='ocrx_word' id='word_1_366' title='bbox 226 4423 252 4492; x_wconf 88' lang='grc'><strong>1)</strong></span> <span class='ocrx_word' id='word_1_367' title='bbox 269 4429 361 4482; x_wconf 80' lang='lat' dir='ltr'><strong>Exstat</strong></span> <span class='ocrx_word' id='word_1_368' title='bbox 377 4429 428 4481; x_wconf 90' lang='lat' dir='ltr'><strong>hoc</strong></span> <span class='ocrx_word' id='word_1_369' title='bbox 445 4422 627 4489; x_wconf 71' lang='lat' dir='ltr'><strong>harmentum</strong></span> <span class='ocrx_word' id='word_1_370' title='bbox 649 4422 677 4477; x_wconf 92' lang='lat' dir='ltr'><strong>in</strong></span> <span class='ocrx_word' id='word_1_371' title='bbox 701 4421 873 4476; x_wconf 85' lang='lat' dir='ltr'><strong>bindorflana</strong></span> <span class='ocrx_word' id='word_1_372' title='bbox 896 4418 1039 4475; x_wconf 81' lang='lat' dir='ltr'><strong>Alcestldls</strong></span> <span class='ocrx_word' id='word_1_373' title='bbox 1057 4417 1186 4471; x_wconf 86' lang='lat' dir='ltr'><strong>editione.</strong></span> <span class='ocrx_word' id='word_1_374' title='bbox 1211 4442 1245 4451; x_wconf 93' lang='lat'><em>-</em></span> <span class='ocrx_word' id='word_1_375' title='bbox 1269 4409 1294 4481; x_wconf 55' lang='grc' dir='ltr'><strong>θ)</strong></span> <span class='ocrx_word' id='word_1_376' title='bbox 1317 4413 1374 4469; x_wconf 74' lang='lat' dir='ltr'><strong>tid.</strong></span> <span class='ocrx_word' id='word_1_377' title='bbox 1392 4415 1611 4471; x_wconf 85' lang='lat' dir='ltr'><strong>dissertationem</strong></span> <span class='ocrx_word' id='word_1_378' title='bbox 1628 4415 1786 4470; x_wconf 83' lang='lat' dir='ltr'><strong>tlontrlanse</strong></span> <span class='ocrx_word' id='word_1_379' title='bbox 1804 4416 1859 4470; x_wconf 85' lang='lat' dir='ltr'><strong>edi·</strong></span> 
     </span>
     <span class='ocr_line' id='line_1_34' title="bbox 123 4499 1858 4576; baseline -0.01 -5"><span class='ocrx_word' id='word_1_380' title='bbox 123 4514 192 4570; x_wconf 87' lang='lat' dir='ltr'><strong>tioni</strong></span> <span class='ocrx_word' id='word_1_381' title='bbox 214 4513 396 4576; x_wconf 84' lang='lat' dir='ltr'><strong>praemissam.</strong></span> <span class='ocrx_word' id='word_1_382' title='bbox 423 4539 457 4549; x_wconf 91' lang='lat'><em>-</em></span> <span class='ocrx_word' id='word_1_383' title='bbox 483 4504 508 4569; x_wconf 83' lang='lat'><strong>⁸)</strong></span> <span class='ocrx_word' id='word_1_384' title='bbox 534 4508 629 4561; x_wconf 83' lang='lat' dir='ltr'><strong>Mirum</strong></span> <span class='ocrx_word' id='word_1_385' title='bbox 652 4508 767 4561; x_wconf 83' lang='lat' dir='ltr'><strong>estnec</strong></span> <span class='ocrx_word' id='word_1_386' title='bbox 790 4506 846 4559; x_wconf 90' lang='lat' dir='ltr'><strong>ullo</strong></span> <span class='ocrx_word' id='word_1_387' title='bbox 869 4506 947 4558; x_wconf 93' lang='lat' dir='ltr'><strong>modo</strong></span> <span class='ocrx_word' id='word_1_388' title='bbox 973 4503 1149 4568; x_wconf 88' lang='lat' dir='ltr'><strong>probandum,</strong></span> <span class='ocrx_word' id='word_1_389' title='bbox 1176 4500 1248 4565; x_wconf 89' lang='lat' dir='ltr'><strong>quod</strong></span> <span class='ocrx_word' id='word_1_390' title='bbox 1273 4499 1326 4553; x_wconf 82' lang='lat' dir='ltr'><strong>ruit</strong></span> <span class='ocrx_word' id='word_1_391' title='bbox 1350 4500 1395 4566; x_wconf 89' lang='lat' dir='ltr'><strong>qui</strong></span> <span class='ocrx_word' id='word_1_392' title='bbox 1413 4501 1568 4566; x_wconf 74' lang='lat' dir='ltr'><strong>coniicerm,</strong></span> <span class='ocrx_word' id='word_1_393' title='bbox 1595 4503 1622 4553; x_wconf 85' lang='lat' dir='ltr'><strong>in</strong></span> <span class='ocrx_word' id='word_1_394' title='bbox 1640 4501 1793 4565; x_wconf 79' lang='lat' dir='ltr'><strong>fragmento</strong></span> <span class='ocrx_word' id='word_1_395' title='bbox 1811 4501 1858 4554; x_wconf 90' lang='lat' dir='ltr'><strong>illo</strong></span> 
     </span>
     <span class='ocr_line' id='line_1_35' title="bbox 123 4585 1858 4661; baseline -0.01 -6"><span class='ocrx_word' id='word_1_396' title='bbox 123 4598 283 4655; x_wconf 75' lang='lat' dir='ltr'><strong>didascalico</strong></span> <span class='ocrx_word' id='word_1_397' title='bbox 309 4597 419 4649; x_wconf 80' lang='lat' dir='ltr'><strong>nomine</strong></span> <span class='ocrx_word' id='word_1_398' title='bbox 441 4594 569 4661; x_wconf 89' lang='lat' dir='ltr'><strong>quattuor</strong></span> <span class='ocrx_word' id='word_1_399' title='bbox 593 4592 745 4645; x_wconf 84' lang='lat' dir='ltr'><strong>tabularum</strong></span> <span class='ocrx_word' id='word_1_400' title='bbox 768 4592 841 4644; x_wconf 87' lang='lat' dir='ltr'><strong>locos</strong></span> <span class='ocrx_word' id='word_1_401' title='bbox 866 4591 984 4642; x_wconf 78' lang='lat' dir='ltr'><strong>mutasse</strong></span> <span class='ocrx_word' id='word_1_402' title='bbox 1007 4599 1135 4652; x_wconf 86' lang='lat' dir='ltr'><strong>meroque</strong></span> <span class='ocrx_word' id='word_1_403' title='bbox 1152 4585 1255 4639; x_wconf 88' lang='lat' dir='ltr'><strong>librarii</strong></span> <span class='ocrx_word' id='word_1_404' title='bbox 1274 4596 1366 4639; x_wconf 87' lang='lat' dir='ltr'><strong>errore</strong></span> <span class='ocrx_word' id='word_1_405' title='bbox 1384 4587 1501 4640; x_wconf 79' lang='lat' dir='ltr'><strong>Alcestin</strong></span> <span class='ocrx_word' id='word_1_406' title='bbox 1520 4588 1670 4639; x_wconf 85' lang='lat' dir='ltr'><strong>extremum</strong></span> <span class='ocrx_word' id='word_1_407' title='bbox 1688 4587 1791 4639; x_wconf 84' lang='lat' dir='ltr'><strong>tenere.</strong></span> <span class='ocrx_word' id='word_1_408' title='bbox 1818 4585 1858 4638; x_wconf 86' lang='lat' dir='ltr'><strong>ct.</strong></span> 
     </span>
     <span class='ocr_line' id='line_1_36' title="bbox 122 4666 1858 4741; baseline -0.01 -1"><span class='ocrx_word' id='word_1_409' title='bbox 122 4686 258 4741; x_wconf 85' lang='lat' dir='ltr'><strong>buentzer</strong></span> <span class='ocrx_word' id='word_1_410' title='bbox 275 4682 316 4734; x_wconf 86' lang='lat' dir='ltr'><strong>ln:</strong></span> <span class='ocrx_word' id='word_1_411' title='bbox 334 4679 407 4733; x_wconf 84' lang='lat' dir='ltr'><strong>Neue</strong></span> <span class='ocrx_word' id='word_1_412' title='bbox 424 4679 531 4733; x_wconf 84' lang='lat' dir='ltr'><strong>Jehrhb.</strong></span> <span class='ocrx_word' id='word_1_413' title='bbox 550 4678 596 4729; x_wconf 82' lang='lat' dir='ltr'><strong>mr</strong></span> <span class='ocrx_word' id='word_1_414' title='bbox 612 4676 680 4729; x_wconf 81' lang='lat' dir='ltr'><strong>Phil.</strong></span> <span class='ocrx_word' id='word_1_415' title='bbox 699 4687 727 4728; x_wconf 92' lang='lat' dir='ltr'><strong>u.</strong></span> <span class='ocrx_word' id='word_1_416' title='bbox 745 4675 824 4729; x_wconf 83' lang='lat' dir='ltr'><strong>Paed.</strong></span> <span class='ocrx_word' id='word_1_417' title='bbox 841 4677 865 4730; x_wconf 79' lang='lat'><strong>5.</strong></span> <span class='ocrx_word' id='word_1_418' title='bbox 886 4673 1038 4739; x_wconf 78' lang='lat' dir='ltr'><strong>suppl-bd.</strong></span> <span class='ocrx_word' id='word_1_419' title='bbox 1058 4686 1085 4737; x_wconf 89' lang='lat' dir='ltr'><strong>p.</strong></span> <span class='ocrx_word' id='word_1_420' title='bbox 1103 4673 1154 4725; x_wconf 77' lang='grc'><strong>203</strong></span> <span class='ocrx_word' id='word_1_421' title='bbox 1172 4671 1236 4723; x_wconf 80' lang='lat' dir='ltr'><strong>intr.</strong></span> <span class='ocrx_word' id='word_1_422' title='bbox 1254 4695 1288 4706; x_wconf 92' lang='lat'><em>-</em></span> <span class='ocrx_word' id='word_1_423' title='bbox 1305 4666 1332 4733; x_wconf 80' lang='lat'><strong>⁴)</strong></span> <span class='ocrx_word' id='word_1_424' title='bbox 1349 4671 1452 4735; x_wconf 66' lang='lat' dir='ltr'><strong>fragm.</strong></span> <span class='ocrx_word' id='word_1_425' title='bbox 1470 4669 1570 4723; x_wconf 84' lang='lat' dir='ltr'><strong>dldssc.</strong></span> <span class='ocrx_word' id='word_1_426' title='bbox 1590 4670 1661 4734; x_wconf 85' lang='lat' dir='ltr'><strong>apud</strong></span> <span class='ocrx_word' id='word_1_427' title='bbox 1678 4668 1858 4724; x_wconf 85' lang='lat' dir='ltr'><strong>bludorflum:</strong></span> 
     </span>
     <span class='ocr_line' id='line_1_37' title="bbox 123 4737 1860 4835; baseline -0.012 -15"><span class='ocrx_word' id='word_1_428' title='bbox 123 4759 164 4821; x_wconf 83' lang='lat' dir='ltr'><strong>ch</strong></span> <span class='ocrx_word' id='word_1_429' title='bbox 185 4752 225 4820; x_wconf 79' lang='grc' dir='ltr'><strong>δὲ</strong></span> <span class='ocrx_word' id='word_1_430' title='bbox 245 4750 359 4835; x_wconf 81' lang='grc' dir='ltr'><em>δρᾶμα</em></span> <span class='ocrx_word' id='word_1_431' title='bbox 384 4748 659 4831; x_wconf 77' lang='grc' dir='ltr'><strong>κωμικωτέραν</strong></span> <span class='ocrx_word' id='word_1_432' title='bbox 686 4743 753 4824; x_wconf 81' lang='grc' dir='ltr'><strong>ἔχει</strong></span> <span class='ocrx_word' id='word_1_433' title='bbox 772 4745 830 4827; x_wconf 74' lang='grc' dir='ltr'><strong>τὴν</strong></span> <span class='ocrx_word' id='word_1_434' title='bbox 851 4744 1059 4825; x_wconf 79' lang='grc' dir='ltr'><strong><em>κατασκευήν.</em></strong></span> <span class='ocrx_word' id='word_1_435' title='bbox 1085 4785 1120 4793; x_wconf 83' lang='grc'><strong>-</strong></span> <span class='ocrx_word' id='word_1_436' title='bbox 1136 4751 1163 4819; x_wconf 84' lang='lat'><strong>⁸)</strong></span> <span class='ocrx_word' id='word_1_437' title='bbox 1180 4756 1289 4819; x_wconf 71' lang='lat' dir='ltr'><strong>trgum.</strong></span> <span class='ocrx_word' id='word_1_438' title='bbox 1308 4756 1463 4810; x_wconf 83' lang='lat' dir='ltr'><strong>Alcestidts:</strong></span> <span class='ocrx_word' id='word_1_439' title='bbox 1498 4743 1538 4807; x_wconf 84' lang='grc' dir='ltr'><strong>τὸ</strong></span> <span class='ocrx_word' id='word_1_440' title='bbox 1574 4737 1612 4806; x_wconf 79' lang='grc' dir='ltr'><strong>δὲ</strong></span> <span class='ocrx_word' id='word_1_441' title='bbox 1643 4737 1759 4825; x_wconf 76' lang='grc' dir='ltr'><em>δρᾶμα</em></span> <span class='ocrx_word' id='word_1_442' title='bbox 1790 4738 1860 4805; x_wconf 79' lang='grc' dir='ltr'><strong><em>ἐστὶ</em></strong></span> 
     </span>
     <span class='ocr_line' id='line_1_38' title="bbox 124 4839 1859 4922; baseline -0.006 -21"><span class='ocrx_word' id='word_1_443' title='bbox 124 4841 402 4922; x_wconf 82' lang='grc' dir='ltr'><strong>κομικώτερον.</strong></span> <span class='ocrx_word' id='word_1_444' title='bbox 433 4878 468 4887; x_wconf 89' lang='lat'><em>-</em></span> <span class='ocrx_word' id='word_1_445' title='bbox 495 4846 521 4914; x_wconf 75' lang='lat'><strong>⁶)</strong></span> <span class='ocrx_word' id='word_1_446' title='bbox 540 4849 652 4904; x_wconf 74' lang='lat' dir='ltr'><strong>Theatre</strong></span> <span class='ocrx_word' id='word_1_447' title='bbox 680 4850 726 4904; x_wconf 88' lang='lat' dir='ltr'><strong>des</strong></span> <span class='ocrx_word' id='word_1_448' title='bbox 752 4847 843 4902; x_wconf 81' lang='lat' dir='ltr'><strong>Grecs.</strong></span> <span class='ocrx_word' id='word_1_449' title='bbox 870 4849 915 4900; x_wconf 83' lang='lat' dir='ltr'><strong>To.</strong></span> <span class='ocrx_word' id='word_1_450' title='bbox 934 4850 960 4901; x_wconf 82' lang='lat'><strong>6.</strong></span> <span class='ocrx_word' id='word_1_451' title='bbox 986 4860 1013 4912; x_wconf 88' lang='lat' dir='ltr'><strong>p.</strong></span> <span class='ocrx_word' id='word_1_452' title='bbox 1040 4847 1089 4899; x_wconf 81' lang='lat'><strong>381</strong></span> <span class='ocrx_word' id='word_1_453' title='bbox 1116 4856 1172 4910; x_wconf 86' lang='lat' dir='ltr'><strong>sqq.</strong></span> <span class='ocrx_word' id='word_1_454' title='bbox 1199 4871 1234 4880; x_wconf 88' lang='lat'>-</span> <span class='ocrx_word' id='word_1_455' title='bbox 1261 4840 1285 4907; x_wconf 77' lang='lat'><strong>⁷)</strong></span> <span class='ocrx_word' id='word_1_456' title='bbox 1312 4840 1353 4895; x_wconf 80' lang='lat' dir='ltr'><strong>cr.</strong></span> <span class='ocrx_word' id='word_1_457' title='bbox 1377 4841 1473 4895; x_wconf 82' lang='lat' dir='ltr'><strong>Alcest.</strong></span> <span class='ocrx_word' id='word_1_458' title='bbox 1499 4839 1541 4893; x_wconf 88' lang='lat' dir='ltr'><strong>ed.</strong></span> <span class='ocrx_word' id='word_1_459' title='bbox 1560 4839 1684 4904; x_wconf 76' lang='lat' dir='ltr'><strong>Wagner.</strong></span> <span class='ocrx_word' id='word_1_460' title='bbox 1712 4852 1738 4904; x_wconf 93' lang='lat' dir='ltr'><strong>p.</strong></span> <span class='ocrx_word' id='word_1_461' title='bbox 1758 4839 1799 4891; x_wconf 88' lang='lat'><strong>1⁰.</strong></span> <span class='ocrx_word' id='word_1_462' title='bbox 1825 4864 1859 4873; x_wconf 90' lang='lat'>—</span> 
     </span>
     <span class='ocr_line' id='line_1_39' title="bbox 125 4931 338 5007; baseline 0 -18"><span class='ocrx_word' id='word_1_463' title='bbox 125 4931 150 5007; x_wconf 82' lang='grc'><strong>8)</strong></span> <span class='ocrx_word' id='word_1_464' title='bbox 169 4937 232 4990; x_wconf 86' lang='lat' dir='ltr'><strong>ibid.</strong></span> <span class='ocrx_word' id='word_1_465' title='bbox 251 4950 277 5005; x_wconf 92' lang='lat' dir='ltr'><strong>p.</strong></span> <span class='ocrx_word' id='word_1_466' title='bbox 295 4938 338 4992; x_wconf 80' lang='lat'><strong>25.</strong></span> 
     </span>
    </p>
   </div>
   <div class='ocr_carea' id='block_1_9' title="bbox 0 0 2149 5442">
    <p class='ocr_par' dir='ltr' id='par_1_9' title="bbox 0 0 2149 5442">
     <span class='ocr_line' id='line_1_40' title="bbox 0 0 2149 5442; baseline 0 0"><span class='ocrx_word' id='word_1_467' title='bbox 0 0 2149 5442; x_wconf 95' lang='lat' dir='ltr'><strong> </strong></span> 
     </span>
    </p>
   </div>
  </div>
 </body>
</html>
