4250 5442
1080 140 1451 255 -es-'·

328 380 470 448 aitidtur.
513 380 596 466 llrgo
629 381 726 464 pietus
747 381 925 464 neutiquam
947 379 978 444 ei
999 376 1147 461 prodest3
1176 393 1213 439 ec
1237 373 1313 437 cinit
1340 372 1480 449 ιιιιιιει,
1508 379 1609 435 uuum
1638 378 1725 435 recte
1754 371 1869 453 pieque
1899 368 2001 451 egerit
2028 386 2035 431 r

328 518 422 565 secus
432 498 466 581 ¹).
501 500 559 575 Qui
582 500 726 581 quonim
748 500 832 564 enni
854 497 943 580 cnlpc
964 512 1081 560 vacuus
1103 501 1160 567 est,
1190 492 1276 556 initio
1298 490 1397 572 Lyssa
1419 507 1490 553 een
1512 487 1645 571 aggredi
1666 489 1756 570 plane
1778 495 1913 561 recusat,
1945 503 1982 549 ac
2015 484 2035 548 d

328 617 477 681 reluctata
498 615 621 680 demum
643 623 673 679 et
694 615 797 688 inrita,
819 613 901 678 lride
922 613 1117 689 admonente,
1140 607 1218 673 deae
1240 606 1426 690 morigerari
1448 603 1614 671 constituit
1644 604 1745 671 Nihilo
1767 606 1872 670 secius
1895 604 2035 670 etiamnur

329 740 436 816 aperte
459 732 533 797 dicit
553 735 596 808 (v.
618 728 681 796 858
702 731 851 815 llusgr.):

722 865 816 955 ἥλιον
837 870 1097 954 μιριυρόμιςθα
1118 859 1249 953 dpcc‘c',
1281 856 1304 926 ἃ
1330 859 1431 944 δρᾶν
1462 860 1505 927 οὐ
1534 860 1744 945 βούλομαι.

456 1009 563 1092 ltaque
584 1028 625 1073 ne
647 1010 732 1073 salva
754 1010 883 1076 deorum
902 1009 1018 1093 justitia
1042 1008 1165 1092 quidem
1187 1013 1278 1088 poeta
1301 1004 1405 1078 cilicit,
1436 1009 1469 1067 ut
1496 1002 1638 1067 Herculis
1666 998 1772 1066 casum
1803 1001 2035 1066 commisercmu

329 1127 414 1190 llaec
436 1125 595 1189 hactenus.
630 1125 732 1192 ldissis
755 1135 856 1192 eutem
879 1125 1064 1191 oeconomia
1086 1124 1209 1189 tabulae
1231 1122 1343 1206 iisque,
1378 1138 1458 1203 quae
1489 1118 1529 1184 de
1551 1119 1664 1201 duplici
1686 1120 1756 1201 ejus
1779 1117 1900 1182 acticne
1922 1116 2035 1200 Schleg

329 1243 389 1307 lius
412 1241 585 1323 disputarit,
608 1250 641 1307 ut
663 1261 742 1327 qnae
764 1262 872 1325 parurn
893 1242 954 1308 lruc
976 1241 1098 1319 iaciant,
1120 1238 1160 1305 ad
1180 1239 1324 1305 Herculis
1346 1255 1524 1320 personam,
1553 1235 1675 1321 qualern
1697 1233 1865 1301 Alcestidis
1887 1241 1995 1301 unctor
2016 1234 2035 1298 d

331 1360 464 1442 scripsit,
487 1376 569 1423 nunc
591 1361 762 1425 veniamus.

458 1498 487 1582 ἓ.
513 1496 563 1564 54.
586 1501 713 1566 Alcides
736 1501 767 1565 in
790 1500 891 1565 media
913 1499 1036 1564 tabulae
1058 1506 1146 1581 parte
1168 1496 1339 1576 derepente
1354 1500 1496 1576 apparet;
1519 1493 1634 1568 incidit,
1656 1501 1690 1558 ut
1711 1492 1878 1566 iudicem,
1902 1491 1933 1554 in
1954 1489 2035 1555 medi

331 1638 385 1685 res
408 1627 439 1683 et
461 1618 657 1683 calamitates.
691 1616 757 1683 Nec
784 1619 874 1682 aliter
901 1618 933 1681 in
953 1616 1121 1683 Philoctete
1144 1621 1175 1679 et
1194 1610 1330 1676 Hercule
1353 1608 1476 1675 furente
1505 1627 1558 1673 res
1590 1629 1626 1675 se
1647 1609 1750 1684 habet,
1777 1609 1831 1674 ubi
1857 1616 1920 1673 taur
1949 1605 2035 1671 derna

332 1739 365 1801 in
386 1753 480 1800 scena
501 1736 691 1819 conspicitur
712 1737 774 1814 ille,
805 1754 899 1820 quum
921 1742 1046 1800 ceterae
1068 1746 1224 1815 personae
1246 1729 1278 1790 in
1300 1725 1427 1790 summis
1450 1726 1602 1810 anqustiis
1625 1734 1800 1800 versentur,
1829 1732 1922 1809 etque
1943 1723 2035 1789 enan

334 1871 420 1918 suurn
442 1851 615 1935 desperent.
650 1851 735 1918 ldcm
757 1850 852 1935 igitur
874 1851 943 1916 lere
963 1849 1070 1914 itidem
1093 1848 1124 1912 in
1146 1842 1305 1911 Alcestide
1326 1840 1481 1905 vindicem
1503 1859 1539 1905 se
1561 1842 1698 1925 praebet,
1727 1849 1833 1908 cetera
1853 1841 1949 1923 lcnqe
1971 1838 2035 1906 dire

333 1987 396 2035 sus.
429 1970 476 2033 Ne
500 1970 602 2048 multa,
629 1970 811 2053 peripetiana
834 1967 956 2033 fabulae
979 1965 1084 2039 elficit,
1114 1963 1142 2028 si
1164 1959 1288 2046 quidem
1310 1965 1344 2023 at
1364 1958 1396 2020 in
1417 1957 1538 2023 leuiore
1560 1956 1663 2023 fabula
1685 1959 1831 2043 meiere
1853 1955 2005 2022 vocabulo
2027 1957 2035 2020 t

333 2093 381 2150 est
401 2086 456 2149 uti.
488 2116 530 2130 —-
557 2085 677 2150 Etenim
708 2104 747 2151 eo
775 2087 844 2167 ipso
873 2083 1024 2166 temporis
1054 2086 1210 2146 memento
1233 2081 1369 2157 apparet,
1403 2072 1457 2137 ulti
1479 2072 1625 2140 defuncta
1644 2075 1804 2142 Alcestide
1825 2074 1967 2141 naeniam
1989 2092 2035 2138 sur

335 2201 447 2264 cecinit
468 2200 591 2265 chorus.
624 2201 743 2283 Aperit,
773 2199 856 2265 unde
879 2200 990 2275 veniat,
1021 2194 1158 2282 quidque
1181 2192 1333 2256 moliatur.
1366 2189 1439 2253 llcx
1466 2189 1616 2255 Admetus
1638 2190 1736 2267 edest,
1770 2191 1900 2256 comiter
1925 2188 2035 2255 eduens

334 2316 535 2399 compellans,
567 2335 673 2381 veram
705 2324 808 2379 tamen
838 2313 1013 2379 moestitiae
1039 2313 1204 2395 luctusque
1234 2324 1358 2372 ccusatn
1388 2304 1480 2369 auxie
1509 2306 1629 2381 celans3
1663 2306 1856 2390 hospitaliter
1887 2307 1920 2370 iu
1952 2304 2035 2370 donn

336 2447 407 2494 cum
428 2428 543 2490 invitat.
564 2427 675 2510 Neque
696 2425 827 2509 lrospitis
850 2425 986 2490 officium
1008 2424 1151 2508 repudiet
1170 2421 1314 2497 Alcides;
1337 2419 1544 2487 aedesintrut
1566 2421 1653 2485 Nunc
1674 2440 1752 2487 vero
1774 2423 1869 2507 genio
1891 2441 1959 2497 suc,
1984 2439 2035 2506 qut

335 2540 522 2608 defraudare
544 2544 653 2617 nescit,
675 2543 767 2625 plane
788 2542 942 2627 indulget:
965 2560 1046 2606 nuuc
1067 2541 1152 2616 bibit,
1175 2557 1257 2604 nnuc
1279 2555 1316 2602 se
1338 2545 1475 2615 coronat,
1497 2555 1578 2601 nunc
1600 2546 1691 2604 centu
1711 2539 1829 2605 lascivo
1850 2547 1915 2605 totu
1936 2539 2035 2603 viciuit

335 2665 483 2744 personat
492 2655 526 2735 ²).
561 2659 634 2722 Mox
655 2666 757 2723 temen
778 2660 890 2722 iterum
912 2658 944 2719 in
965 2674 1061 2720 scena
1084 2663 1220 2739 appetet,
1250 2663 1281 2719 et
1310 2653 1489 2719 administro
1517 2655 1625 2720 nescio
1654 2656 1705 2719 cni
1733 2655 1773 2721 de
1796 2656 1875 2721 uitae
1897 2656 1999 2721 fructu
2022 2674 2035 2719 e

334 2778 431 2859 ponit,
454 2775 542 2859 quasi
563 2773 688 2839 scholas
712 2782 742 2838 et
763 2772 914 2838 euditcriu
936 2772 1062 2853 Epicuri
1084 2772 1323 2856 frequentasset.
1358 2769 1446 2833 Nunc
1473 2769 1598 2836 demum
1625 2790 1737 2836 servus
1765 2773 1861 2837 natus
1892 2771 1931 2837 dc
1952 2772 2032 2837 Adur

338 2890 508 2954 calamitate
531 2891 696 2954 certiorem
719 2909 790 2954 eum
812 2888 895 2963 iacit,
923 2889 1049 2972 jernque
1071 2887 1255 2952 scintillulae
1276 2886 1347 2950 illae
1370 2885 1499 2958 vinctis,
1530 2905 1609 2969 quae
1631 2887 1732 2951 adhuc
1752 2887 1916 2968 latuerunt,
1938 2890 1970 2954 in
1992 2890 2035 2953 ila

338 3025 403 3071 mus
426 3014 597 3089 erumpunt
620 3011 688 3072 Νῦν
703 3003 823 3090 δεῖξον,
846 3006 953 3089 inquit,
976 2993 1049 3070 οἷον
1071 3000 1179 3069 παῖδά
1201 3001 1235 3070 c'
1254 3002 1273 3088 r)
1292 3004 1455 3085 Ttpcrdlc
1474 2995 1480 3086 Ι
1499 2998 1737 3088 Ἠλεκτρυόνος
1757 3003 1892 3089 tycicoc’
1912 3003 2035 3090 Ἀλκμή

336 3125 402 3187 Διί.
425 3121 472 3185 Ex
492 3121 626 3187 llcrcule
648 3123 783 3206 satyrico
805 3121 952 3186 heroicus
975 3120 1028 3184 ille
1051 3119 1162 3197 evadit,
1193 3120 1246 3204 qui
1268 3138 1308 3184 ne
1330 3137 1401 3184 curn
1423 3118 1506 3183 Orco
1529 3118 1653 3204 quidem
1674 3138 1815 3205 pugnare
1837 3130 1974 3186 veretur.
2009 3122 2034 3195 Ο

336 3245 482 3321 superato
505 3257 574 3302 cum
596 3237 755 3303 Alcestide
784 3237 883 3302 velata
911 3236 942 3299 in
969 3254 1094 3301 scenam
1116 3236 1291 3301 reuertitur.
1324 3233 1386 3299 Sed
1413 3234 1524 3298 iterum
1551 3233 1612 3298 sibi
1640 3253 1703 3299 uon
1725 3244 1857 3313 constat;
1887 3237 2000 3302 iterum
2023 3255 2035 3300 ι

334 3355 446 3419 tlrurno
470 3353 612 3436 deposito
635 3353 673 3418 ad
695 3372 822 3419 soccum
845 3348 1050 3433 descendit⁸).
1083 3352 1206 3417 Scilicet
1233 3369 1337 3416 meras
1367 3368 1467 3434 nugas
1490 3352 1555 3434 agit
1575 3349 1658 3415 idem
1679 3351 1742 3429 ille,
1772 3352 1825 3437 qui
1851 3360 1965 3418 tanum
1994 3372 2034 3437 qu

336 3471 476 3553 reginam
499 3470 666 3535 Pheraeam
690 3472 771 3535 Orco
796 3471 916 3553 eripuit.
952 3468 1150 3535 Gleucomam
1183 3466 1289 3551 objicit
1315 3465 1459 3541 Admeto,
1491 3466 1631 3530 Alcestin
1665 3469 1815 3549 captivam
1847 3487 1972 3535 seruam
2006 3488 2035 3534 es

270 3649 273 3654 ,
340 3585 501 3660 simulans;
524 3584 757 3651 custodiendam
779 3586 809 3651 ei
830 3585 930 3650 tradit.
951 3584 1025 3649 ttcx
1036 3584 1188 3653 Admetus
1211 3581 1352 3650 dilectam
1374 3600 1506 3648 uxorem
1527 3584 1679 3667 equoscit,
1702 3590 1733 3649 et
1754 3584 1794 3649 ad
1817 3584 1941 3652 felicem
1964 3587 2035 3653 exiit

338 3698 486 3780 perducta
508 3709 578 3765 sunt
599 3702 712 3765 onnia.

465 3821 496 3907 §.
519 3823 569 3889 55.
592 3825 639 3889 Ει
659 3825 749 3892 brevi
770 3825 829 3891 lrec
849 3825 1083 3890 adumbratione
1101 3826 1166 3908 jem
1186 3823 1263 3891 satis
1284 3830 1368 3905 patet
1385 3823 1527 3889 Herculis
1548 3843 1714 3907 personum
1736 3826 1817 3891 lraud
1840 3828 1940 3893 minue
1962 3826 2035 3891 verit

340 3956 412 4005 esse
434 3959 515 4026 eque
537 3940 670 4006 diversis
693 3943 946 4020 consarcinatam,
978 3959 1070 4026 (ιιιιι
1093 3949 1189 4006 tetum
1211 3940 1325 4004 mama.
1357 3942 1461 4025 Atque
1489 3942 1574 4007 initio
1603 3942 1688 4006 illurn
1710 3951 1885 4028 satyrorum
1908 3960 2035 4026 congeri

337 4075 409 4121 ncnr
432 4065 462 4125 et
483 4057 697 4124 combiberem
719 4076 793 4123 sese
814 4056 954 4140 praebet,
978 4058 1031 4141 qui
1053 4058 1117 4122 vini
1139 4057 1306 4122 clamoris
1329 4056 1462 4122 fructum
1484 4058 1577 4120 linem
1590 4056 1743 4124 bonerum
1762 4078 1836 4125 esse
1849 4065 1966 4124 censet.
1987 4057 2035 4122 Βιι

440 4304 466 4372 ²)
484 4306 534 4361 lix
551 4308 593 4361 est
611 4307 682 4374 qnod
700 4307 804 4372 addam,
833 4321 866 4362 ex
882 4308 1006 4362 veterum
1023 4309 1161 4365 sententia
1185 4309 1315 4376 pietatem
1339 4310 1408 4365 nihil
1430 4310 1504 4365 eliud
1526 4323 1587 4365 esse
1608 4312 1663 4366 nist
1686 4311 1869 4377 iustitiam
1896 4310 2035 4367 aduerat

339 4388 431 4458 dees,
450 4394 482 4446 nt
500 4392 539 4445 alt
557 4392 649 4447 vicero
668 4393 701 4447 de
718 4396 775 4446 net.
794 4393 883 4447 decrr.
902 4394 920 4459 1,
939 4395 981 4447 ts.
1011 4393 1082 4457 onos
1104 4394 1128 4448 ei
1153 4394 1212 4460 quis
1231 4393 1342 4459 coleret,
1369 4394 1394 4447 ei
1412 4394 1504 4449 tavers
1522 4394 1688 4459 petebantur
1694 4411 1703 4460 ;
1731 4405 1829 4448 necere
1848 4396 1953 4463 contre,
1978 4398 2002 4450 si
2020 4409 2035 4461 q

336 4475 498 4540 negligeret.
524 4474 618 4531 lttdem
635 4478 696 4541 pins
714 4477 835 4544 quisque,
858 4479 887 4531 et
907 4478 932 4531 sl
952 4478 1011 4543 qun
1027 4477 1130 4543 lustum
1148 4479 1176 4530 ln
1194 4478 1258 4533 deos
1276 4492 1305 4532 se
1323 4478 1488 4543 estenderet,
1512 4477 1635 4543 desitne
1652 4491 1731 4545 pesse
1747 4480 1898 4547 videbatur,
1923 4483 1955 4535 ut
1977 4483 2004 4535 et
2021 4479 2035 4544 ip

336 4559 407 4615 tene
424 4562 456 4615 ac
473 4561 507 4614 lis
525 4561 680 4619 reterens.
698 4561 765 4619 lilnc
782 4561 868 4626 icitur
881 4560 1026 4626 tudtcmda
1043 4563 1118 4629 sunt,
1136 4574 1205 4629 quse
1221 4574 1306 4627 supra
1322 4562 1427 4629 scripsi
1453 4563 1608 4631 cumcurm
1626 4564 1669 4617 vel
1688 4564 1821 4619 tironibus
1839 4566 1907 4620 neec
1923 4566 1987 4619 ncta
2005 4575 2035 4617 su

338 4645 379 4697 ct.
399 4644 427 4698 c.
447 4644 489 4697 Fr.
506 4646 650 4711 Hermann,
668 4646 785 4711 gottesd.
803 4646 917 4699 Alterth.
936 4647 963 4710 §-
984 4649 1024 4702 to.
1048 4674 1084 4684 —-
1107 4642 1132 4713 ²)
1155 4648 1202 4702 let
1220 4649 1289 4702 nanc
1306 4659 1416 4701 scenam
1433 4647 1578 4703 defendere
1596 4649 1689 4702 studet
1706 4650 1869 4705 lirnlralrer:
1888 4649 2035 4703 zeitschr..

337 4731 389 4784 att.
410 4731 485 4785 reat.
502 4743 530 4798 p.
548 4733 608 4787 ltu.
634 4759 669 4768 -
694 4727 721 4799 ⁸)
745 4731 787 4784 ct.
806 4731 940 4801 Schlesel,
958 4733 1027 4788 uter
1044 4733 1158 4791 manat
1176 4733 1265 4787 Kuust
1282 4746 1310 4787 u.
1329 4731 1412 4789 liter.
1437 4732 1484 4786 ltu.
1505 4735 1529 4788 1.
1555 4744 1582 4796 p.
1601 4734 1667 4788 245:
1696 4735 1771 4788 Aucta
1789 4735 1916 4790 tlercules
1933 4733 2035 4797 zeiqts

338 4813 453 4879 meurs
471 4814 536 4872 derb
553 4816 595 4871 tls
613 4827 663 4871 ιιι
679 4815 802 4883 ticinen,
820 4814 876 4870 und
893 4818 951 4872 eret
969 4818 1088 4873 necuter
1106 4816 1181 4873 enter
1199 4817 1255 4872 und
1271 4816 1363 4875 setner
1381 4817 1498 4885 adeda,
1515 4817 1623 4872 endllclr
1640 4819 1741 4877 wieder
1754 4819 1904 4885 toviatisclr.

1769 4907 1789 4971 5
