4250 5442
1087 232 1426 339 -31-‘

335 453 473 521 llinerra
495 458 586 540 ajax,
608 457 646 524 ad
668 459 818 524 insaniam
841 460 966 525 adactus
989 461 1146 545 Megaram
1171 469 1202 524 et
1222 461 1340 525 liberos
1362 460 1514 524 interficit.
1538 461 1700 543 Quumque
1718 462 1782 542 Jam
1806 461 1837 526 in
1860 478 1898 523 eo
1922 460 1970 537 sit,
2012 489 2014 502 ι

336 574 396 655 ipsi
417 576 494 668 patri
517 576 576 639 rim
600 575 718 651 aderat,
741 578 778 641 ad
803 579 962 643 sanimtem
986 597 1056 644 cum
1079 586 1208 643 revocat
1228 577 1375 648 llinerva.
1405 577 1536 658 lapidem
1560 577 1654 654 illum,
1685 596 1777 660 quem
1801 596 2008 664 σωφρονισττ

335 693 461 756 nominc
482 701 667 775 nuncupant,
690 696 720 758 in
742 704 851 776 pectus
875 697 942 778 ejus
965 696 1102 782 jaculans
1111 691 1145 771 ¹).
1178 693 1294 758 Eodem
1324 701 1465 775 tempore
1486 696 1518 757 in
1541 711 1635 757 scena
1658 702 1785 775 apparet
1806 694 1957 770 Theseus,
1986 713 2017 775 qt

337 806 374 871 ab
398 807 507 871 inferis
530 807 654 873 reduxit
675 810 811 884 Alcides,
835 812 934 876 amico
957 812 1134 875 miserrimo
1157 810 1372 892 opitulaturus;
1396 830 1487 893 quem
1510 829 1582 874 mox
1605 810 1788 893 expiandum
1810 811 1947 876 Athenas
1970 829 2019 874 se

336 923 428 989 ducit.
450 956 492 970 -
513 925 581 990 lam
604 945 681 990 vero
705 945 905 1009 quaeramus:
938 929 1081 1010 primum,
1112 935 1367 1011 argumentumne
1389 927 1474 1005 illud,
1504 928 1587 1011 quod
1617 926 1700 991 idem
1723 928 1754 990 in
1776 928 1896 1009 Cypriis
1921 934 1951 990 et
1972 946 1990 989 a
2016 935 2020 948 ⁴

335 1043 462 1107 aichoro
485 1045 556 1107 olim
578 1051 739 1109 tractatum
762 1054 838 1119 erat,
870 1043 1052 1128 tragoediae
1076 1044 1250 1127 competatl
1283 1045 1406 1120 deinde,
1434 1065 1506 1109 num
1534 1044 1636 1108 lanula
1664 1044 1828 1126 Euripidea
1856 1062 1932 1107 vere
1960 1052 2005 1107 tra

335 1161 398 1225 sitl
420 1162 468 1225 λυ
489 1161 575 1243 prius
597 1160 671 1225 illud
694 1160 826 1239 affirmo,
849 1162 979 1226 alterum
1002 1179 1096 1244 nego.
1132 1161 1219 1236 Quod
1243 1160 1440 1236 ruriaciam,
1464 1163 1593 1226 strictim
1615 1161 1787 1243 explicabo.
1823 1163 1888 1236 Qua
1910 1163 1941 1223 in
1964 1180 1999 1223 re

335 1297 404 1343 ruur
426 1277 465 1341 ad
487 1279 615 1360 Ajacem
638 1279 842 1361 Sophocleum
865 1298 1081 1362 provocamus,
1112 1297 1191 1362 quae
1220 1296 1281 1343 non
1303 1297 1366 1344 uno
1388 1280 1514 1343 nomine
1536 1278 1659 1343 fabulae
1681 1277 1867 1359 Euripideae
1889 1278 1997 1341 similis
2025 1319 2026 1322 κ

335 1397 369 1460 ln
390 1403 522 1478 unaque
544 1396 627 1459 enirn
649 1394 820 1479 ἐπώνυμος
843 1395 965 1461 fabulae
987 1396 1114 1470 insanin
1142 1397 1174 1459 in
1205 1405 1335 1479 utraque
1366 1395 1650 1479 πρωταγωνιστὴς,
1681 1413 1759 1478 quac
1789 1396 1868 1458 θεία
1891 1393 1959 1476 ejus
1980 1416 2018 1476 p·

337 1520 394 1591 est,
422 1512 555 1577 nefanda
584 1512 722 1578 facinora
752 1514 926 1588 committit;
960 1514 992 1576 in
1024 1521 1155 1594 utraque
1187 1516 1375 1579 calamitates
1407 1515 1574 1596 primarum
1602 1530 1805 1595 personarum
1834 1511 2028 1576 misericord

336 1639 472 1697 nostram
495 1639 706 1705 commoveam
729 1632 761 1695 in
783 1640 913 1714 utraque
935 1638 1068 1714 uterque
1089 1630 1184 1694 heros
1205 1639 1355 1714 purgatur
1377 1630 1499 1694 tandem
1522 1638 1553 1694 et
1575 1631 1663 1712 culpa
1685 1630 1844 1693 liberatur.
1874 1630 1990 1693 lamen
2012 1650 2031 1690 ιΙ

336 1751 426 1826 ratlo,
449 1768 509 1833 qua
532 1749 686 1814 duumviri
709 1751 888 1814 muneribus
911 1750 976 1813 suis
1000 1747 1136 1813 defuncti
1159 1756 1239 1826 sunl,
1268 1748 1481 1812 diversissima
1503 1755 1561 1811 est.
1593 1747 1682 1823 Quod
1704 1765 1781 1810 vero
1804 1746 1842 1809 ad
1864 1748 2002 1830 Ajacem,

336 1867 481 1950 teroqrin
512 1867 612 1931 virum
640 1866 781 1930 omnihus
813 1868 952 1931 numeris
983 1866 1148 1948 egregium
1171 1885 1244 1931 sose
1266 1866 1417 1940 ostendit;
1451 1865 1482 1928 id
1514 1883 1607 1929 unum
1629 1866 1779 1946 peccavit,
1812 1873 1845 1929 ut
1872 1882 1908 1928 se
1935 1865 2033 1928 extol

338 1985 480 2068 deosque
502 1984 682 2059 offenderim
718 1987 822 2068 itaque
849 1985 1013 2067 ἁμαρτίαν
1041 1983 1173 2058 admisit,
1207 2003 1297 2067 quara
1330 1983 1493 2066 Stagirites
1515 1989 1620 2057 vocat;
1655 1983 1734 2045 haec
1756 1989 1929 2059 causaest,
1965 2001 2019 2044 cur

336 2102 539 2167 calamitatem
563 2101 716 2165 inciderit.
751 2101 838 2176 Quod
861 2102 961 2183 ipsum
983 2100 1154 2166 Aristotele
1173 2101 1280 2182 judice
1301 2100 1439 2183 apprime
1460 2100 1611 2181 tragicum
1634 2106 1690 2163 est.
1726 2098 1791 2161 Nec
1812 2099 1895 2172 latet,
1918 2117 1973 2162 cur
1996 2100 2023 2179 ej

337 2219 421 2284 modi
441 2237 588 2301 persona,
612 2219 711 2301 qualis
735 2227 782 2283 est
803 2218 893 2301 djax,
922 2218 1105 2300 tragoediae
1127 2217 1250 2301 legibus
1273 2216 1514 2280 cumulatissime
1536 2214 1713 2279 satisfaciat.
1746 2214 1822 2278 Nam
1845 2214 1929 2298 quid,
1952 2233 2039 2297 quae

335 2336 396 2401 albi
417 2337 481 2400 vult
502 2335 683 2418 tragoediae
705 2336 861 2416 scriptor?
884 2334 963 2409 Quid
986 2336 1178 2415 potissimum
1202 2335 1329 2399 efficere
1352 2333 1475 2398 studett
1504 2332 1548 2409 ld,
1571 2334 1691 2415 opinor,
1713 2339 1746 2396 ut
1769 2340 1881 2396 melum
1905 2340 1937 2396 et
1959 2332 2037 2394 mise

336 2451 476 2515 cordiam
500 2451 622 2512 excitet.
656 2450 724 2513 lam
753 2467 829 2513 vero
852 2450 933 2531 Ajax
955 2457 1004 2513 est
1025 2443 1155 2533 ὅμοιος,
1183 2460 1217 2515 ut
1242 2449 1340 2514 verbo
1367 2448 1548 2514 Aristotelio
1570 2456 1649 2520 utar,
1685 2447 1704 2509 i.
1734 2466 1761 2511 e.
1793 2453 1920 2511 nostrae
1950 2446 2042 2510 farin

338 2567 550 2649 septimusque
577 2565 666 2628 uoltis
688 2565 780 2638 idem,
808 2565 891 2647 quod
921 2566 974 2637 illi,
1004 2566 1149 2633 accidere
1170 2587 1281 2650 posse;
1314 2567 1396 2631 unde
1424 2567 1521 2630 oritur
1543 2566 1662 2652 φόβος.
1697 2564 1859 2646 Quumque
1889 2582 1962 2628 mox
1990 2564 2040 2627 val

337 2683 557 2767 poenitentem,
579 2681 767 2746 submissam
790 2689 822 2745 et
843 2684 931 2764 quasi
954 2682 994 2747 de
1017 2685 1107 2747 coelo
1131 2685 1300 2750 detractum
1322 2703 1358 2748 se
1375 2683 1532 2766 praebeat,
1555 2682 1623 2745 fieri
1645 2698 1707 2744 non
1729 2689 1840 2761 potest,
1864 2682 1936 2763 quin
1958 2681 2035 2744 mise

337 2803 473 2868 cordiam
496 2810 632 2866 nostram
654 2801 776 2882 plenam
799 2810 1000 2866 commoveat.
1037 2804 1089 2867 Sic
1111 2823 1188 2868 vero
1211 2804 1252 2875 dt,
1281 2810 1316 2866 ut
1344 2818 1406 2863 non
1436 2801 1535 2864 solum
1558 2799 1627 2879 eius
1650 2815 1774 2861 causam
1798 2799 1990 2872 miseremur,
2023 2817 2038 2862 s

339 2920 431 2984 etiam
453 2918 586 2981 animum
609 2917 800 2992 inducamus,
823 2926 856 2982 ut
877 2918 1053 2999 superbiam
1076 2920 1183 3003 djacis
1206 2927 1295 2983 caute
1315 2919 1456 2982 vitemus.
1480 2916 1536 2981 llic
1557 2915 1652 2997 igitur
1673 2933 1780 2980 veram
1803 2917 1884 2981 illam
1911 2918 2048 2999 κάθαρ

339 3034 498 3109 hammus,
523 3052 613 3117 quam
635 3035 817 3118 tragoediae
840 3034 932 3098 duem
955 3054 1029 3100 esse
1050 3037 1238 3101 Aristoteles
1259 3037 1310 3100 ait.

463 3165 495 3250 ἓ.
519 3167 570 3232 nt.
605 3168 682 3243 curu
706 3176 807 3233 autem
830 3167 870 3231 de
892 3168 1026 3233 Hercule
1049 3169 1170 3234 furente
1189 3168 1389 3252 judicemus?
1423 3167 1517 3230 Estne
1547 3165 1730 3249 tragoediae
1751 3166 1804 3230 illa
1826 3175 1925 3249 aptus,
1955 3185 2035 3230 anno

336 3284 392 3349 Est
413 3284 567 3366 prolecto,
598 3285 626 3350 si
656 3284 729 3366 quid
751 3283 853 3362 video,
882 3285 983 3367 aliqua
1014 3286 1123 3349 saltem
1147 3303 1187 3349 ex
1208 3293 1305 3366 parte.
1339 3284 1506 3365 Fingamus
1529 3284 1621 3357 enim,
1652 3284 1801 3348 victoriae
1831 3284 1945 3348 laetitia
1968 3284 2055 3369 elatu,

336 3418 410 3465 oram
431 3399 576 3482 superbis
599 3398 689 3463 dictis
711 3401 761 3464 rel
794 3402 855 3465 alio
885 3402 994 3465 nescio
1025 3420 1085 3484 quo
1118 3401 1210 3465 modo
1233 3401 1310 3465 deos
1333 3399 1532 3465 lacessivisse
1555 3416 1726 3482 eorumque
1748 3399 1892 3462 invidiam
1915 3401 2055 3464 excitass·

340 3522 371 3578 et
398 3515 469 3579 inde
501 3516 675 3581 manavisse
697 3517 908 3595 calamitatem,
942 3536 1001 3600 qua
1031 3518 1182 3601 singulari
1205 3536 1277 3580 mox
1297 3517 1430 3581 addictus
1450 3517 1561 3598 jaceat.
1597 3516 1685 3591 cuod
1719 3517 1746 3580 si
1776 3517 1946 3594 statuimus,
1979 3517 2055 3580 simil

341 3630 415 3714 quid
443 3632 573 3699 habetur
606 3641 697 3718 atque
725 3635 755 3697 in
784 3636 892 3716 AJacc,
923 3634 1028 3716 idque,
1057 3635 1085 3698 si
1113 3633 1185 3717 quid
1209 3633 1300 3708 aliud,
1331 3635 1492 3717 tragicum.
1528 3633 1650 3697 Poterat
1678 3634 1773 3716 igitur
1803 3633 1967 3716 Euripides
1998 3633 2055 3697 laci

339 3748 467 3830 negotio
498 3749 619 3815 fabulae
649 3753 863 3816 oeconomiam
891 3750 1074 3833 tragoediae
1095 3748 1219 3833 legibus
1241 3749 1486 3828 accommodare,
1517 3750 1684 3815 dummodo
1714 3752 1875 3833 Sophoclis
1906 3752 2055 3833 exemplar

340 3870 466 3929 secutus
490 3872 584 3928 esset.
607 3866 738 3945 Poterat,
759 3867 901 3952 inquam3
931 3877 962 3933 at
983 3886 1107 3946 vereor,
1136 3875 1169 3932 ut
1191 3867 1310 3933 lecerit.
1333 3868 1392 3931 Vix
1414 3869 1505 3942 enirn,
1535 3868 1563 3930 si
1593 3868 1758 3931 Herculem
1786 3867 1941 3933 furentem
1964 3866 2001 3931 ad
2025 3866 2055 3930 ol

339 3997 461 4044 russam
494 3982 704 4065 exegerimus,
734 4004 810 4048 vere
838 3985 988 4068 tragicam
1017 3986 1086 4068 ejus
1114 3982 1248 4047 indolem
1278 4003 1496 4067 agnoscemus.
1530 3983 1644 4047 Verum
1677 3983 1800 4066 quidem
1825 3992 1881 4060 est,
1915 3982 2055 4046 lleroulcr

338 4094 538 4178 Euripideum
562 4095 693 4176 ἀνάξιον
715 4098 943 4182 δυστυχοῦντα
965 4119 1047 4179 esse,
1072 4099 1228 4174 concedo;
1260 4100 1404 4183 indeque,
1434 4102 1461 4164 si
1490 4100 1651 4166 Aristoteli
1678 4099 1757 4165 fides
1780 4098 1929 4176 habenda,
1958 4099 2054 4163 miser

340 4211 448 4278 cordia
462 4213 562 4277 oritur
570 4207 608 4293 ²).
631 4213 698 4277 lluc
720 4234 749 4278 ιι.
768 4235 795 4280 ο.
813 4217 929 4283 faciunt
947 4218 1036 4282 lridis
1056 4210 1204 4295 verba³):
1227 4219 1304 4301 mpla
1324 4219 1384 4300 μὲν
1405 4219 1467 4300 γὰρ
1490 4213 1618 4293 ἄθλους
1640 4216 1865 4301 ἐκτελευτῆσαι
1886 4219 2037 4300 πικρούς,

339 4331 380 4394 τὸ
402 4332 508 4411 χρεών
528 4352 579 4393 νιν
600 4326 766 4415 ἐξέσωζεν,
795 4331 868 4399 οὐδ’
889 4334 942 4402 elo
963 4334 1071 4418 πατὴρ
1100 4334 1106 4412 Ι
1134 4335 1216 4410 Ζεύς
1237 4355 1286 4396 νιν
1307 4337 1414 4410 κακῶς
1443 4331 1528 4419 δρᾶν
1555 4327 1626 4397 οὔτ’
1648 4331 1698 4417 ἔμ’
1719 4328 1798 4397 οὔθ’
1811 4327 1924 4415 Ἥραν
1945 4354 2036 4398 ποτε.

340 4443 410 4510 ἐπεὶ
433 4445 471 4512 δὲ
490 4448 645 4530 μόχθους
668 4444 839 4529 drendpcc’
864 4450 1077 4536 Εὐρυσθέως,
1108 4444 1226 4533 ΙἭσα
1253 4452 1432 4533 προσάψαι
1460 4452 1572 4514 καινὸν
1601 4439 1669 4534 αἷμ’
1691 4446 1780 4531 αὐτῷ
1800 4448 1903 4531 θέλει,
1928 4444 1934 4531 Ι
1957 4445 2055 4513 παῖδα

340 4566 594 4648 κατακτείναντι,
621 4565 770 4631 συνθέλω
793 4562 826 4630 d'
848 4565 919 4649 ἐγώ.
958 4569 1064 4654 ltaque
1092 4575 1208 4634 mulum
1230 4566 1327 4642 abest,
1358 4575 1392 4633 ul
1421 4567 1583 4649 ἁμαρτίαν
1611 4565 1763 4630 Hercules
1790 4566 1951 4632 admiserit
1980 4566 2055 4630 diist·

445 4828 469 4902 1)
487 4834 527 4889 cl.
546 4834 657 4903 Prellsr,
683 4835 791 4898 Mytlol.
818 4834 889 4892 lom.
908 4836 935 4892 2.
961 4848 988 4902 p.
1010 4840 1067 4894 lto.
1095 4862 1128 4878 —
1155 4834 1181 4904 ἵ)
1208 4839 1281 4894 l’oet
1301 4849 1325 4892 c.
1344 4839 1390 4893 lt:
1422 4818 1512 4898 ἔλεος
1538 4821 1596 4904 μὲν
1622 4823 1710 4908 περὶ
1735 4822 1801 4886 τὸυ
1825 4816 1995 4897 ἀνάξιον,
2021 4840 2055 4888 se

342 4897 578 4984 δυστυχοῦντα.
597 4946 629 4959 -
648 4917 674 4986 ⁸)
691 4921 720 4976 r.
738 4924 875 4979 827-882
894 4924 994 4988 tlussr.
