<?xml version="1.0" encoding="UTF-8"?>
<!DOCTYPE html PUBLIC "-//W3C//DTD XHTML 1.0 Transitional//EN"
    "http://www.w3.org/TR/xhtml1/DTD/xhtml1-transitional.dtd">
<html xmlns="http://www.w3.org/1999/xhtml" xml:lang="en" lang="en">
 <head>
  <title>
</title>
<meta http-equiv="Content-Type" content="text/html;charset=utf-8" />
  <meta name='ocr-system' content='tesseract 3.04.00' />
  <meta name='ocr-capabilities' content='ocr_page ocr_carea ocr_par ocr_line ocrx_word'/>
</head>
<body>
  <div class='ocr_page' id='page_1' title='image "./commentatiodeal00buchgoog_0020.png"; bbox 0 0 4250 5442; ppageno 0'>
   <div class='ocr_carea' id='block_1_1' title="bbox 900 194 1136 276">
    <p class='ocr_par' dir='ltr' id='par_1_1' title="bbox 900 194 1136 276">
     <span class='ocr_line' id='line_1_1' title="bbox 900 194 1136 276; baseline 0 -19"><span class='ocrx_word' id='word_1_1' title='bbox 900 194 1136 276; x_wconf 56' lang='lat'><strong>414-</strong></span> 
     </span>
    </p>
   </div>
   <div class='ocr_carea' id='block_1_2' title="bbox 147 394 1886 1300">
    <p class='ocr_par' dir='ltr' id='par_1_2' title="bbox 147 394 1886 1300">
     <span class='ocr_line' id='line_1_2' title="bbox 148 394 1883 482; baseline 0 -20"><span class='ocrx_word' id='word_1_2' title='bbox 148 394 214 472; x_wconf 85' lang='lat' dir='ltr'><strong>tuit,</strong></span> <span class='ocrx_word' id='word_1_3' title='bbox 239 395 394 474; x_wconf 76' lang='lat' dir='ltr'><strong>Ulixes¹);</strong></span> <span class='ocrx_word' id='word_1_4' title='bbox 417 398 499 461; x_wconf 92' lang='lat' dir='ltr'><strong>idem</strong></span> <span class='ocrx_word' id='word_1_5' title='bbox 522 416 591 462; x_wconf 88' lang='lat' dir='ltr'><strong>cam</strong></span> <span class='ocrx_word' id='word_1_6' title='bbox 613 398 711 480; x_wconf 85' lang='lat' dir='ltr'><strong>Ajace</strong></span> <span class='ocrx_word' id='word_1_7' title='bbox 733 415 801 475; x_wconf 91' lang='lat' dir='ltr'><strong>seu,</strong></span> <span class='ocrx_word' id='word_1_8' title='bbox 824 398 908 481; x_wconf 91' lang='lat' dir='ltr'><strong>quod</strong></span> <span class='ocrx_word' id='word_1_9' title='bbox 931 398 1042 464; x_wconf 91' lang='lat' dir='ltr'><strong>eodem</strong></span> <span class='ocrx_word' id='word_1_10' title='bbox 1063 398 1154 473; x_wconf 86' lang='lat' dir='ltr'><strong>redit,</strong></span> <span class='ocrx_word' id='word_1_11' title='bbox 1177 417 1246 463; x_wconf 91' lang='lat' dir='ltr'><strong>cum</strong></span> <span class='ocrx_word' id='word_1_12' title='bbox 1269 400 1390 464; x_wconf 88' lang='lat' dir='ltr'><strong>Teucro</strong></span> <span class='ocrx_word' id='word_1_13' title='bbox 1413 398 1444 462; x_wconf 92' lang='lat' dir='ltr'><strong>in</strong></span> <span class='ocrx_word' id='word_1_14' title='bbox 1466 397 1596 482; x_wconf 76' lang='lat' dir='ltr'><strong>gratiam</strong></span> <span class='ocrx_word' id='word_1_15' title='bbox 1618 397 1793 464; x_wconf 81' lang='lat' dir='ltr'><strong>reuertitur.</strong></span> <span class='ocrx_word' id='word_1_16' title='bbox 1824 397 1883 463; x_wconf 84' lang='lat' dir='ltr'><strong>lta·</strong></span> 
     </span>
     <span class='ocr_line' id='line_1_3' title="bbox 149 514 1886 599; baseline -0.001 -19"><span class='ocrx_word' id='word_1_17' title='bbox 149 526 210 599; x_wconf 85' lang='lat' dir='ltr'><strong>que</strong></span> <span class='ocrx_word' id='word_1_18' title='bbox 232 517 333 579; x_wconf 87' lang='lat' dir='ltr'><strong>omnia</strong></span> <span class='ocrx_word' id='word_1_19' title='bbox 355 515 433 580; x_wconf 88' lang='lat' dir='ltr'><strong>baec</strong></span> <span class='ocrx_word' id='word_1_20' title='bbox 455 515 557 581; x_wconf 90' lang='lat' dir='ltr'><strong>eidem</strong></span> <span class='ocrx_word' id='word_1_21' title='bbox 579 517 699 580; x_wconf 78' lang='lat' dir='ltr'><strong>Teucro</strong></span> <span class='ocrx_word' id='word_1_22' title='bbox 722 522 756 578; x_wconf 90' lang='lat' dir='ltr'><strong>ut</strong></span> <span class='ocrx_word' id='word_1_23' title='bbox 777 514 880 579; x_wconf 85' lang='lat' dir='ltr'><strong>fratris</strong></span> <span class='ocrx_word' id='word_1_24' title='bbox 902 517 1097 598; x_wconf 76' lang='lat' dir='ltr'><strong>procuratori</strong></span> <span class='ocrx_word' id='word_1_25' title='bbox 1119 515 1285 580; x_wconf 85' lang='lat' dir='ltr'><strong>debentur:</strong></span> <span class='ocrx_word' id='word_1_26' title='bbox 1309 517 1397 598; x_wconf 88' lang='lat' dir='ltr'><strong>cujus</strong></span> <span class='ocrx_word' id='word_1_27' title='bbox 1418 516 1604 581; x_wconf 77' lang='lat' dir='ltr'><strong>intercessio</strong></span> <span class='ocrx_word' id='word_1_28' title='bbox 1618 517 1723 598; x_wconf 88' lang='lat' dir='ltr'><strong>quanti</strong></span> <span class='ocrx_word' id='word_1_29' title='bbox 1739 515 1886 580; x_wconf 85' lang='lat' dir='ltr'><strong>momenti</strong></span> 
     </span>
     <span class='ocr_line' id='line_1_4' title="bbox 148 626 1885 716; baseline 0 -21"><span class='ocrx_word' id='word_1_30' title='bbox 148 633 196 708; x_wconf 85' lang='lat' dir='ltr'><strong>sit,</strong></span> <span class='ocrx_word' id='word_1_31' title='bbox 219 633 293 696; x_wconf 87' lang='lat' dir='ltr'><strong>satis</strong></span> <span class='ocrx_word' id='word_1_32' title='bbox 316 630 387 695; x_wconf 90' lang='lat' dir='ltr'><strong>inde</strong></span> <span class='ocrx_word' id='word_1_33' title='bbox 410 626 578 712; x_wconf 85' lang='lat' dir='ltr'><strong>apparet²).</strong></span> <span class='ocrx_word' id='word_1_34' title='bbox 603 665 641 675; x_wconf 94' lang='lat'><em>-</em></span> <span class='ocrx_word' id='word_1_35' title='bbox 665 632 808 696; x_wconf 81' lang='lat' dir='ltr'><strong>Ceterum</strong></span> <span class='ocrx_word' id='word_1_36' title='bbox 831 639 919 695; x_wconf 89' lang='lat' dir='ltr'><strong>aucta</strong></span> <span class='ocrx_word' id='word_1_37' title='bbox 941 631 1136 716; x_wconf 81' lang='lat' dir='ltr'><strong>baecAjacis</strong></span> <span class='ocrx_word' id='word_1_38' title='bbox 1159 632 1291 716; x_wconf 76' lang='lat' dir='ltr'><strong>dignitas</strong></span> <span class='ocrx_word' id='word_1_39' title='bbox 1311 634 1363 696; x_wconf 86' lang='lat' dir='ltr'><strong>vix</strong></span> <span class='ocrx_word' id='word_1_40' title='bbox 1385 632 1446 696; x_wconf 91' lang='lat' dir='ltr'><strong>dici</strong></span> <span class='ocrx_word' id='word_1_41' title='bbox 1467 641 1571 714; x_wconf 90' lang='lat' dir='ltr'><strong>potest</strong></span> <span class='ocrx_word' id='word_1_42' title='bbox 1591 642 1783 716; x_wconf 75' lang='lat' dir='ltr'><strong>quantopere</strong></span> <span class='ocrx_word' id='word_1_43' title='bbox 1796 631 1885 697; x_wconf 89' lang='lat' dir='ltr'><strong>cordi</strong></span> 
     </span>
     <span class='ocr_line' id='line_1_5' title="bbox 148 747 1884 833; baseline 0.001 -21"><span class='ocrx_word' id='word_1_44' title='bbox 148 747 242 812; x_wconf 86' lang='lat' dir='ltr'><strong>luerit</strong></span> <span class='ocrx_word' id='word_1_45' title='bbox 251 748 503 822; x_wconf 81' lang='lat' dir='ltr'><strong>Atheniensibus,</strong></span> <span class='ocrx_word' id='word_1_46' title='bbox 527 750 579 831; x_wconf 92' lang='lat' dir='ltr'><strong>qui</strong></span> <span class='ocrx_word' id='word_1_47' title='bbox 600 747 672 812; x_wconf 90' lang='lat' dir='ltr'><strong>inde</strong></span> <span class='ocrx_word' id='word_1_48' title='bbox 688 749 880 812; x_wconf 79' lang='lat' dir='ltr'><strong>aclistheuis</strong></span> <span class='ocrx_word' id='word_1_49' title='bbox 892 749 1082 830; x_wconf 91' lang='lat' dir='ltr'><strong>temporibus</strong></span> <span class='ocrx_word' id='word_1_50' title='bbox 1098 751 1236 833; x_wconf 83' lang='lat' dir='ltr'><strong>Ajacem,</strong></span> <span class='ocrx_word' id='word_1_51' title='bbox 1258 759 1291 814; x_wconf 93' lang='lat' dir='ltr'><strong>ut</strong></span> <span class='ocrx_word' id='word_1_52' title='bbox 1313 768 1405 833; x_wconf 89' lang='lat' dir='ltr'><strong>quem</strong></span> <span class='ocrx_word' id='word_1_53' title='bbox 1425 750 1535 816; x_wconf 90' lang='lat' dir='ltr'><strong>decem</strong></span> <span class='ocrx_word' id='word_1_54' title='bbox 1557 753 1659 833; x_wconf 75' lang='lat' dir='ltr'><strong>gentis</strong></span> <span class='ocrx_word' id='word_1_55' title='bbox 1682 769 1758 816; x_wconf 88' lang='lat' dir='ltr'><strong>suae</strong></span> <span class='ocrx_word' id='word_1_56' title='bbox 1780 758 1884 814; x_wconf 89' lang='lat' dir='ltr'><strong>aucto·</strong></span> 
     </span>
     <span class='ocr_line' id='line_1_6' title="bbox 147 864 1885 950; baseline 0.001 -22"><span class='ocrx_word' id='word_1_57' title='bbox 147 864 233 929; x_wconf 90' lang='lat' dir='ltr'><strong>ribus</strong></span> <span class='ocrx_word' id='word_1_58' title='bbox 255 873 502 941; x_wconf 77' lang='lat' dir='ltr'><strong>annumerarent,</strong></span> <span class='ocrx_word' id='word_1_59' title='bbox 526 866 637 928; x_wconf 82' lang='lat' dir='ltr'><strong>eximia</strong></span> <span class='ocrx_word' id='word_1_60' title='bbox 654 866 856 929; x_wconf 88' lang='lat' dir='ltr'><strong>veneratione</strong></span> <span class='ocrx_word' id='word_1_61' title='bbox 878 869 1036 947; x_wconf 92' lang='lat' dir='ltr'><strong>prosecuti</strong></span> <span class='ocrx_word' id='word_1_62' title='bbox 1058 886 1132 932; x_wconf 88' lang='lat' dir='ltr'><strong>essa</strong></span> <span class='ocrx_word' id='word_1_63' title='bbox 1147 868 1297 932; x_wconf 84' lang='lat' dir='ltr'><strong>feruntur.</strong></span> <span class='ocrx_word' id='word_1_64' title='bbox 1320 867 1382 932; x_wconf 89' lang='lat' dir='ltr'><strong>Sed</strong></span> <span class='ocrx_word' id='word_1_65' title='bbox 1405 867 1444 933; x_wconf 93' lang='lat' dir='ltr'><strong>de</strong></span> <span class='ocrx_word' id='word_1_66' title='bbox 1466 869 1524 931; x_wconf 89' lang='lat' dir='ltr'><strong>bac</strong></span> <span class='ocrx_word' id='word_1_67' title='bbox 1544 886 1581 932; x_wconf 88' lang='lat' dir='ltr'><strong>re</strong></span> <span class='ocrx_word' id='word_1_68' title='bbox 1602 866 1702 931; x_wconf 84' lang='lat' dir='ltr'><strong>fusius</strong></span> <span class='ocrx_word' id='word_1_69' title='bbox 1726 882 1885 950; x_wconf 78' lang='lat' dir='ltr'><strong>exponere</strong></span> 
     </span>
     <span class='ocr_line' id='line_1_7' title="bbox 148 981 1886 1069; baseline 0.001 -24"><span class='ocrx_word' id='word_1_70' title='bbox 148 981 240 1046; x_wconf 78' lang='lat' dir='ltr'><strong>facile</strong></span> <span class='ocrx_word' id='word_1_71' title='bbox 262 982 465 1064; x_wconf 90' lang='lat' dir='ltr'><strong>supersedeo,</strong></span> <span class='ocrx_word' id='word_1_72' title='bbox 495 981 647 1065; x_wconf 89' lang='lat' dir='ltr'><strong>siquidem</strong></span> <span class='ocrx_word' id='word_1_73' title='bbox 676 982 727 1045; x_wconf 90' lang='lat' dir='ltr'><strong>alii</strong></span> <span class='ocrx_word' id='word_1_74' title='bbox 756 982 796 1046; x_wconf 91' lang='lat' dir='ltr'><strong>de</strong></span> <span class='ocrx_word' id='word_1_75' title='bbox 824 983 872 1047; x_wconf 89' lang='lat' dir='ltr'><strong>his</strong></span> <span class='ocrx_word' id='word_1_76' title='bbox 894 984 968 1047; x_wconf 91' lang='lat' dir='ltr'><strong>satis</strong></span> <span class='ocrx_word' id='word_1_77' title='bbox 992 986 1205 1066; x_wconf 84' lang='lat' dir='ltr'><strong>explicuerunt</strong></span> <span class='ocrx_word' id='word_1_78' title='bbox 1216 981 1252 1066; x_wconf 79' lang='lat'><strong>³).</strong></span> <span class='ocrx_word' id='word_1_79' title='bbox 1283 1017 1324 1031; x_wconf 92' lang='lat'><em>-</em></span> <span class='ocrx_word' id='word_1_80' title='bbox 1352 986 1429 1050; x_wconf 88' lang='lat' dir='ltr'><strong>Eum</strong></span> <span class='ocrx_word' id='word_1_81' title='bbox 1451 986 1555 1069; x_wconf 75' lang='lat' dir='ltr'><strong>igitur,</strong></span> <span class='ocrx_word' id='word_1_82' title='bbox 1583 988 1636 1069; x_wconf 90' lang='lat' dir='ltr'><strong>qui</strong></span> <span class='ocrx_word' id='word_1_83' title='bbox 1657 985 1769 1049; x_wconf 89' lang='lat' dir='ltr'><strong>Teucri</strong></span> <span class='ocrx_word' id='word_1_84' title='bbox 1790 987 1886 1048; x_wconf 82' lang='lat' dir='ltr'><strong>instar</strong></span> 
     </span>
     <span class='ocr_line' id='line_1_8' title="bbox 147 1100 1885 1187; baseline 0.001 -23"><span class='ocrx_word' id='word_1_85' title='bbox 147 1100 221 1164; x_wconf 85' lang='lat' dir='ltr'><strong>tanti</strong></span> <span class='ocrx_word' id='word_1_86' title='bbox 244 1100 303 1163; x_wconf 83' lang='lat' dir='ltr'><strong>viri</strong></span> <span class='ocrx_word' id='word_1_87' title='bbox 324 1101 525 1182; x_wconf 85' lang='lat' dir='ltr'><strong>patrocinium</strong></span> <span class='ocrx_word' id='word_1_88' title='bbox 549 1101 733 1182; x_wconf 84' lang='lat' dir='ltr'><strong>susceperit,</strong></span> <span class='ocrx_word' id='word_1_89' title='bbox 756 1107 919 1182; x_wconf 83' lang='lat' dir='ltr'><strong>tantaeque</strong></span> <span class='ocrx_word' id='word_1_90' title='bbox 941 1118 1055 1167; x_wconf 88' lang='lat' dir='ltr'><strong>causae</strong></span> <span class='ocrx_word' id='word_1_91' title='bbox 1076 1122 1113 1167; x_wconf 93' lang='lat' dir='ltr'><strong>se</strong></span> <span class='ocrx_word' id='word_1_92' title='bbox 1134 1102 1313 1184; x_wconf 88' lang='lat' dir='ltr'><strong>praebuerit</strong></span> <span class='ocrx_word' id='word_1_93' title='bbox 1329 1110 1600 1186; x_wconf 76' lang='lat' dir='ltr'><strong>propugnatorem,</strong></span> <span class='ocrx_word' id='word_1_94' title='bbox 1624 1121 1715 1187; x_wconf 85' lang='lat' dir='ltr'><strong>quam</strong></span> <span class='ocrx_word' id='word_1_95' title='bbox 1736 1101 1885 1186; x_wconf 77' lang='lat' dir='ltr'><strong>singulari</strong></span> 
     </span>
     <span class='ocr_line' id='line_1_9' title="bbox 148 1217 1605 1300; baseline 0.001 -20"><span class='ocrx_word' id='word_1_96' title='bbox 148 1217 249 1299; x_wconf 83' lang='lat' dir='ltr'><strong>gloria</strong></span> <span class='ocrx_word' id='word_1_97' title='bbox 270 1217 426 1291; x_wconf 81' lang='lat' dir='ltr'><strong>floruisse,</strong></span> <span class='ocrx_word' id='word_1_98' title='bbox 450 1225 525 1300; x_wconf 90' lang='lat' dir='ltr'><strong>quot</strong></span> <span class='ocrx_word' id='word_1_99' title='bbox 546 1219 730 1300; x_wconf 88' lang='lat' dir='ltr'><strong>quantisque</strong></span> <span class='ocrx_word' id='word_1_100' title='bbox 751 1225 960 1298; x_wconf 85' lang='lat' dir='ltr'><strong>spectatorum</strong></span> <span class='ocrx_word' id='word_1_101' title='bbox 982 1218 1123 1283; x_wconf 86' lang='lat' dir='ltr'><strong>laudibus</strong></span> <span class='ocrx_word' id='word_1_102' title='bbox 1146 1219 1335 1283; x_wconf 90' lang='lat' dir='ltr'><strong>celebratum</strong></span> <span class='ocrx_word' id='word_1_103' title='bbox 1358 1237 1431 1284; x_wconf 89' lang='lat' dir='ltr'><strong>esse</strong></span> <span class='ocrx_word' id='word_1_104' title='bbox 1452 1218 1605 1284; x_wconf 90' lang='lat' dir='ltr'><strong>dicamus!</strong></span> 
     </span>
    </p>
   </div>
   <div class='ocr_carea' id='block_1_3' title="bbox 145 1355 1890 3659">
    <p class='ocr_par' dir='ltr' id='par_1_3' title="bbox 145 1355 1890 3659">
     <span class='ocr_line' id='line_1_10' title="bbox 275 1355 1885 1443; baseline 0.002 -23"><span class='ocrx_word' id='word_1_105' title='bbox 275 1355 304 1438; x_wconf 65' lang='grc' dir='ltr'><strong>ἓ.</strong></span> <span class='ocrx_word' id='word_1_106' title='bbox 328 1357 378 1421; x_wconf 82' lang='grc'><strong>26.</strong></span> <span class='ocrx_word' id='word_1_107' title='bbox 402 1359 462 1423; x_wconf 89' lang='lat' dir='ltr'><strong>Sed</strong></span> <span class='ocrx_word' id='word_1_108' title='bbox 484 1359 660 1435; x_wconf 86' lang='lat' dir='ltr'><strong>redeamus,</strong></span> <span class='ocrx_word' id='word_1_109' title='bbox 689 1359 772 1423; x_wconf 89' lang='lat' dir='ltr'><strong>unde</strong></span> <span class='ocrx_word' id='word_1_110' title='bbox 800 1360 935 1441; x_wconf 82' lang='lat' dir='ltr'><strong>digressi</strong></span> <span class='ocrx_word' id='word_1_111' title='bbox 957 1378 1074 1435; x_wconf 87' lang='lat' dir='ltr'><strong>sumus,</strong></span> <span class='ocrx_word' id='word_1_112' title='bbox 1108 1357 1146 1421; x_wconf 92' lang='lat' dir='ltr'><strong>ad</strong></span> <span class='ocrx_word' id='word_1_113' title='bbox 1174 1358 1314 1423; x_wconf 84' lang='lat' dir='ltr'><strong>Alcestin</strong></span> <span class='ocrx_word' id='word_1_114' title='bbox 1335 1358 1542 1441; x_wconf 82' lang='lat' dir='ltr'><strong>Euripideum,</strong></span> <span class='ocrx_word' id='word_1_115' title='bbox 1572 1377 1652 1443; x_wconf 88' lang='lat' dir='ltr'><strong>quae</strong></span> <span class='ocrx_word' id='word_1_116' title='bbox 1680 1377 1749 1423; x_wconf 88' lang='lat' dir='ltr'><strong>cum</strong></span> <span class='ocrx_word' id='word_1_117' title='bbox 1778 1357 1885 1442; x_wconf 78' lang='lat' dir='ltr'><strong>Ajace,</strong></span> 
     </span>
     <span class='ocr_line' id='line_1_11' title="bbox 148 1475 1886 1561; baseline 0.001 -22"><span class='ocrx_word' id='word_1_118' title='bbox 148 1475 238 1539; x_wconf 91' lang='lat' dir='ltr'><strong>sicuti</strong></span> <span class='ocrx_word' id='word_1_119' title='bbox 256 1475 321 1557; x_wconf 91' lang='lat' dir='ltr'><strong>jam</strong></span> <span class='ocrx_word' id='word_1_120' title='bbox 343 1475 485 1554; x_wconf 84' lang='lat' dir='ltr'><strong>diximus,</strong></span> <span class='ocrx_word' id='word_1_121' title='bbox 510 1475 736 1558; x_wconf 91' lang='lat' dir='ltr'><strong>quodammodo</strong></span> <span class='ocrx_word' id='word_1_122' title='bbox 760 1479 932 1558; x_wconf 87' lang='lat' dir='ltr'><strong>comparari</strong></span> <span class='ocrx_word' id='word_1_123' title='bbox 953 1485 1065 1560; x_wconf 87' lang='lat' dir='ltr'><strong>potest.</strong></span> <span class='ocrx_word' id='word_1_124' title='bbox 1099 1477 1175 1540; x_wconf 88' lang='lat' dir='ltr'><strong>Nam</strong></span> <span class='ocrx_word' id='word_1_125' title='bbox 1204 1478 1255 1540; x_wconf 91' lang='lat' dir='ltr'><strong>hic</strong></span> <span class='ocrx_word' id='word_1_126' title='bbox 1281 1476 1386 1541; x_wconf 90' lang='lat' dir='ltr'><strong>itidem</strong></span> <span class='ocrx_word' id='word_1_127' title='bbox 1413 1478 1446 1540; x_wconf 90' lang='lat' dir='ltr'><strong>in</strong></span> <span class='ocrx_word' id='word_1_128' title='bbox 1471 1478 1576 1559; x_wconf 90' lang='lat' dir='ltr'><strong>priore</strong></span> <span class='ocrx_word' id='word_1_129' title='bbox 1603 1477 1728 1543; x_wconf 83' lang='lat' dir='ltr'><strong>fabulae</strong></span> <span class='ocrx_word' id='word_1_130' title='bbox 1758 1485 1886 1561; x_wconf 86' lang='lat' dir='ltr'><strong>partes</strong></span> 
     </span>
     <span class='ocr_line' id='line_1_12' title="bbox 148 1591 1887 1677; baseline 0.002 -22"><span class='ocrx_word' id='word_1_131' title='bbox 148 1591 251 1656; x_wconf 90' lang='lat' dir='ltr'><strong>medio</strong></span> <span class='ocrx_word' id='word_1_132' title='bbox 273 1592 391 1657; x_wconf 90' lang='lat' dir='ltr'><strong>tollitur</strong></span> <span class='ocrx_word' id='word_1_133' title='bbox 412 1594 509 1675; x_wconf 91' lang='lat' dir='ltr'><strong>prima</strong></span> <span class='ocrx_word' id='word_1_134' title='bbox 531 1612 683 1675; x_wconf 85' lang='lat' dir='ltr'><strong>persona;</strong></span> <span class='ocrx_word' id='word_1_135' title='bbox 714 1594 907 1658; x_wconf 89' lang='lat' dir='ltr'><strong>continuatur</strong></span> <span class='ocrx_word' id='word_1_136' title='bbox 929 1596 1019 1659; x_wconf 85' lang='lat' dir='ltr'><strong>actio.</strong></span> <span class='ocrx_word' id='word_1_137' title='bbox 1052 1595 1087 1657; x_wconf 91' lang='lat' dir='ltr'><strong>ln</strong></span> <span class='ocrx_word' id='word_1_138' title='bbox 1114 1595 1211 1677; x_wconf 84' lang='lat' dir='ltr'><strong>Ajace</strong></span> <span class='ocrx_word' id='word_1_139' title='bbox 1239 1600 1310 1675; x_wconf 88' lang='lat' dir='ltr'><strong>post</strong></span> <span class='ocrx_word' id='word_1_140' title='bbox 1336 1612 1365 1656; x_wconf 86' lang='lat' dir='ltr'><strong>v.</strong></span> <span class='ocrx_word' id='word_1_141' title='bbox 1394 1591 1456 1658; x_wconf 83' lang='grc'><strong>865</strong></span> <span class='ocrx_word' id='word_1_142' title='bbox 1486 1603 1618 1661; x_wconf 90' lang='lat' dir='ltr'><strong>mortem</strong></span> <span class='ocrx_word' id='word_1_143' title='bbox 1640 1593 1701 1660; x_wconf 89' lang='lat' dir='ltr'><strong>sibi</strong></span> <span class='ocrx_word' id='word_1_144' title='bbox 1723 1593 1887 1659; x_wconf 86' lang='lat' dir='ltr'><strong>consciscit</strong></span> 
     </span>
     <span class='ocr_line' id='line_1_13' title="bbox 146 1707 1888 1796; baseline 0.001 -24"><span class='ocrx_word' id='word_1_145' title='bbox 146 1709 343 1772; x_wconf 77' lang='lat' dir='ltr'><strong>Telamonius</strong></span> <span class='ocrx_word' id='word_1_146' title='bbox 365 1709 474 1774; x_wconf 86' lang='lat' dir='ltr'><strong>beros:</strong></span> <span class='ocrx_word' id='word_1_147' title='bbox 505 1711 538 1773; x_wconf 90' lang='lat' dir='ltr'><strong>in</strong></span> <span class='ocrx_word' id='word_1_148' title='bbox 559 1710 718 1774; x_wconf 88' lang='lat' dir='ltr'><strong>Alcestide</strong></span> <span class='ocrx_word' id='word_1_149' title='bbox 739 1718 811 1792; x_wconf 91' lang='lat' dir='ltr'><strong>post</strong></span> <span class='ocrx_word' id='word_1_150' title='bbox 832 1730 861 1774; x_wconf 86' lang='lat' dir='ltr'><strong>v.</strong></span> <span class='ocrx_word' id='word_1_151' title='bbox 884 1708 945 1774; x_wconf 79' lang='lat'><strong>391</strong></span> <span class='ocrx_word' id='word_1_152' title='bbox 969 1712 1101 1775; x_wconf 90' lang='lat' dir='ltr'><strong>animam</strong></span> <span class='ocrx_word' id='word_1_153' title='bbox 1123 1710 1259 1791; x_wconf 86' lang='lat' dir='ltr'><strong>exspirat</strong></span> <span class='ocrx_word' id='word_1_154' title='bbox 1279 1709 1402 1774; x_wconf 80' lang='lat' dir='ltr'><strong>Admeti</strong></span> <span class='ocrx_word' id='word_1_155' title='bbox 1424 1707 1557 1792; x_wconf 82' lang='lat' dir='ltr'><strong>uxor⁴);</strong></span> <span class='ocrx_word' id='word_1_156' title='bbox 1592 1715 1624 1776; x_wconf 91' lang='lat' dir='ltr'><strong>in</strong></span> <span class='ocrx_word' id='word_1_157' title='bbox 1646 1713 1744 1796; x_wconf 86' lang='lat' dir='ltr'><strong>Ajaco</strong></span> <span class='ocrx_word' id='word_1_158' title='bbox 1766 1712 1888 1776; x_wconf 86' lang='lat' dir='ltr'><strong>Teucer</strong></span> 
     </span>
     <span class='ocr_line' id='line_1_14' title="bbox 147 1823 1886 1911; baseline 0.001 -23"><span class='ocrx_word' id='word_1_159' title='bbox 147 1827 259 1889; x_wconf 90' lang='lat' dir='ltr'><strong>mortui</strong></span> <span class='ocrx_word' id='word_1_160' title='bbox 281 1824 386 1889; x_wconf 84' lang='lat' dir='ltr'><strong>fratris</strong></span> <span class='ocrx_word' id='word_1_161' title='bbox 411 1835 516 1909; x_wconf 87' lang='lat' dir='ltr'><strong>partes</strong></span> <span class='ocrx_word' id='word_1_162' title='bbox 540 1828 670 1908; x_wconf 90' lang='lat' dir='ltr'><strong>suscipit</strong></span> <span class='ocrx_word' id='word_1_163' title='bbox 691 1827 784 1908; x_wconf 89' lang='lat' dir='ltr'><strong>eique</strong></span> <span class='ocrx_word' id='word_1_164' title='bbox 807 1829 895 1909; x_wconf 90' lang='lat' dir='ltr'><strong>quasi</strong></span> <span class='ocrx_word' id='word_1_165' title='bbox 917 1827 1069 1892; x_wconf 88' lang='lat' dir='ltr'><strong>succedit:</strong></span> <span class='ocrx_word' id='word_1_166' title='bbox 1100 1827 1132 1890; x_wconf 88' lang='lat' dir='ltr'><strong>in</strong></span> <span class='ocrx_word' id='word_1_167' title='bbox 1161 1823 1319 1889; x_wconf 86' lang='lat' dir='ltr'><strong>Alcestide</strong></span> <span class='ocrx_word' id='word_1_168' title='bbox 1347 1824 1497 1892; x_wconf 81' lang='lat' dir='ltr'><strong>Admetus</strong></span> <span class='ocrx_word' id='word_1_169' title='bbox 1530 1827 1760 1911; x_wconf 82' lang='lat' dir='ltr'><strong>protagonistae</strong></span> <span class='ocrx_word' id='word_1_170' title='bbox 1782 1833 1886 1909; x_wconf 85' lang='lat' dir='ltr'><strong>partes</strong></span> 
     </span>
     <span class='ocr_line' id='line_1_15' title="bbox 145 1941 1887 2027; baseline 0 -21"><span class='ocrx_word' id='word_1_171' title='bbox 145 1942 185 2006; x_wconf 91' lang='lat' dir='ltr'><strong>ab</strong></span> <span class='ocrx_word' id='word_1_172' title='bbox 208 1960 307 2007; x_wconf 86' lang='lat' dir='ltr'><strong>uxore</strong></span> <span class='ocrx_word' id='word_1_173' title='bbox 331 1942 472 2007; x_wconf 90' lang='lat' dir='ltr'><strong>desertas</strong></span> <span class='ocrx_word' id='word_1_174' title='bbox 496 1945 609 2026; x_wconf 86' lang='lat' dir='ltr'><strong>excipit</strong></span> <span class='ocrx_word' id='word_1_175' title='bbox 632 1945 763 2025; x_wconf 89' lang='lat' dir='ltr'><strong>ejusque</strong></span> <span class='ocrx_word' id='word_1_176' title='bbox 785 1945 816 2006; x_wconf 92' lang='lat' dir='ltr'><strong>in</strong></span> <span class='ocrx_word' id='word_1_177' title='bbox 839 1945 940 2008; x_wconf 91' lang='lat' dir='ltr'><strong>locum</strong></span> <span class='ocrx_word' id='word_1_178' title='bbox 963 1943 1166 2009; x_wconf 87' lang='lat' dir='ltr'><strong>substituitur.</strong></span> <span class='ocrx_word' id='word_1_179' title='bbox 1193 1973 1236 1985; x_wconf 89' lang='lat'>-</span> <span class='ocrx_word' id='word_1_180' title='bbox 1263 1941 1369 2022; x_wconf 83' lang='lat' dir='ltr'><strong>ltaque</strong></span> <span class='ocrx_word' id='word_1_181' title='bbox 1392 1944 1566 2027; x_wconf 88' lang='lat' dir='ltr'><strong>quaeritur:</strong></span> <span class='ocrx_word' id='word_1_182' title='bbox 1593 1963 1665 2009; x_wconf 89' lang='lat' dir='ltr'><strong>num</strong></span> <span class='ocrx_word' id='word_1_183' title='bbox 1686 1946 1727 2008; x_wconf 91' lang='lat' dir='ltr'><strong>ita</strong></span> <span class='ocrx_word' id='word_1_184' title='bbox 1748 1942 1779 2007; x_wconf 94' lang='lat' dir='ltr'><strong>id</strong></span> <span class='ocrx_word' id='word_1_185' title='bbox 1801 1942 1887 2006; x_wconf 85' lang='lat' dir='ltr'><strong>insti·</strong></span> 
     </span>
     <span class='ocr_line' id='line_1_16' title="bbox 147 2055 1888 2144; baseline -0.001 -21"><span class='ocrx_word' id='word_1_186' title='bbox 147 2061 240 2123; x_wconf 92' lang='lat' dir='ltr'><strong>tuerit</strong></span> <span class='ocrx_word' id='word_1_187' title='bbox 260 2067 361 2141; x_wconf 88' lang='lat' dir='ltr'><strong>posta,</strong></span> <span class='ocrx_word' id='word_1_188' title='bbox 385 2069 417 2123; x_wconf 92' lang='lat' dir='ltr'><strong>ut</strong></span> <span class='ocrx_word' id='word_1_189' title='bbox 438 2062 595 2142; x_wconf 87' lang='lat' dir='ltr'><strong>posterior</strong></span> <span class='ocrx_word' id='word_1_190' title='bbox 617 2059 740 2123; x_wconf 83' lang='lat' dir='ltr'><strong>fabulae</strong></span> <span class='ocrx_word' id='word_1_191' title='bbox 762 2078 834 2141; x_wconf 92' lang='lat' dir='ltr'><strong>pars</strong></span> <span class='ocrx_word' id='word_1_192' title='bbox 857 2079 933 2125; x_wconf 90' lang='lat' dir='ltr'><strong>vere</strong></span> <span class='ocrx_word' id='word_1_193' title='bbox 955 2061 1072 2144; x_wconf 84' lang='lat' dir='ltr'><strong>tragica</strong></span> <span class='ocrx_word' id='word_1_194' title='bbox 1095 2055 1261 2138; x_wconf 69' lang='lat' dir='ltr'><strong>eradat⁵)i</strong></span> <span class='ocrx_word' id='word_1_195' title='bbox 1294 2058 1412 2124; x_wconf 91' lang='lat' dir='ltr'><strong>Evadet</strong></span> <span class='ocrx_word' id='word_1_196' title='bbox 1432 2069 1543 2136; x_wconf 87' lang='lat' dir='ltr'><strong>autem,</strong></span> <span class='ocrx_word' id='word_1_197' title='bbox 1572 2062 1599 2126; x_wconf 90' lang='lat' dir='ltr'><strong>si</strong></span> <span class='ocrx_word' id='word_1_198' title='bbox 1626 2081 1666 2126; x_wconf 87' lang='lat' dir='ltr'><strong>ex</strong></span> <span class='ocrx_word' id='word_1_199' title='bbox 1692 2062 1790 2144; x_wconf 84' lang='lat' dir='ltr'><strong>Ajace</strong></span> <span class='ocrx_word' id='word_1_200' title='bbox 1819 2076 1888 2122; x_wconf 88' lang='lat' dir='ltr'><strong>rem</strong></span> 
     </span>
     <span class='ocr_line' id='line_1_17' title="bbox 146 2175 1888 2260; baseline -0.001 -21"><span class='ocrx_word' id='word_1_201' title='bbox 146 2177 355 2253; x_wconf 85' lang='lat' dir='ltr'><strong>aestimamus,</strong></span> <span class='ocrx_word' id='word_1_202' title='bbox 379 2184 440 2240; x_wconf 93' lang='lat' dir='ltr'><strong>tum</strong></span> <span class='ocrx_word' id='word_1_203' title='bbox 464 2176 598 2254; x_wconf 89' lang='lat' dir='ltr'><strong>demum,</strong></span> <span class='ocrx_word' id='word_1_204' title='bbox 620 2177 674 2241; x_wconf 93' lang='lat' dir='ltr'><strong>ubi</strong></span> <span class='ocrx_word' id='word_1_205' title='bbox 695 2178 732 2248; x_wconf 91' lang='lat' dir='ltr'><strong>is,</strong></span> <span class='ocrx_word' id='word_1_206' title='bbox 756 2176 861 2258; x_wconf 89' lang='lat' dir='ltr'><strong>quiin</strong></span> <span class='ocrx_word' id='word_1_207' title='bbox 883 2178 1115 2258; x_wconf 82' lang='lat' dir='ltr'><strong>protagorristac</strong></span> <span class='ocrx_word' id='word_1_208' title='bbox 1136 2177 1236 2239; x_wconf 87' lang='lat' dir='ltr'><strong>vicem</strong></span> <span class='ocrx_word' id='word_1_209' title='bbox 1258 2176 1407 2253; x_wconf 89' lang='lat' dir='ltr'><strong>succedit,</strong></span> <span class='ocrx_word' id='word_1_210' title='bbox 1437 2187 1487 2241; x_wconf 91' lang='lat' dir='ltr'><strong>aut</strong></span> <span class='ocrx_word' id='word_1_211' title='bbox 1509 2180 1577 2260; x_wconf 90' lang='lat' dir='ltr'><strong>ejus</strong></span> <span class='ocrx_word' id='word_1_212' title='bbox 1600 2194 1724 2242; x_wconf 86' lang='lat' dir='ltr'><strong>eausam</strong></span> <span class='ocrx_word' id='word_1_213' title='bbox 1745 2177 1787 2240; x_wconf 90' lang='lat' dir='ltr'><strong>ita</strong></span> <span class='ocrx_word' id='word_1_214' title='bbox 1807 2175 1888 2239; x_wconf 89' lang='lat' dir='ltr'><strong>reci·</strong></span> 
     </span>
     <span class='ocr_line' id='line_1_18' title="bbox 146 2290 1888 2375; baseline -0.001 -19"><span class='ocrx_word' id='word_1_215' title='bbox 146 2294 199 2375; x_wconf 88' lang='lat' dir='ltr'><strong>pit,</strong></span> <span class='ocrx_word' id='word_1_216' title='bbox 223 2301 340 2356; x_wconf 87' lang='lat' dir='ltr'><strong>utnon</strong></span> <span class='ocrx_word' id='word_1_217' title='bbox 362 2294 530 2370; x_wconf 86' lang='lat' dir='ltr'><strong>interiisse,</strong></span> <span class='ocrx_word' id='word_1_218' title='bbox 563 2293 618 2358; x_wconf 90' lang='lat' dir='ltr'><strong>sed</strong></span> <span class='ocrx_word' id='word_1_219' title='bbox 649 2301 719 2375; x_wconf 88' lang='lat' dir='ltr'><strong>post</strong></span> <span class='ocrx_word' id='word_1_220' title='bbox 752 2300 882 2357; x_wconf 87' lang='lat' dir='ltr'><strong>mortem</strong></span> <span class='ocrx_word' id='word_1_221' title='bbox 912 2295 1001 2375; x_wconf 89' lang='lat' dir='ltr'><strong>quasi</strong></span> <span class='ocrx_word' id='word_1_222' title='bbox 1022 2294 1131 2358; x_wconf 85' lang='lat' dir='ltr'><strong>uivere</strong></span> <span class='ocrx_word' id='word_1_223' title='bbox 1153 2293 1206 2355; x_wconf 91' lang='lat' dir='ltr'><strong>ille</strong></span> <span class='ocrx_word' id='word_1_224' title='bbox 1228 2290 1378 2370; x_wconf 81' lang='lat' dir='ltr'><strong>videatur,</strong></span> <span class='ocrx_word' id='word_1_225' title='bbox 1406 2301 1458 2357; x_wconf 91' lang='lat' dir='ltr'><strong>aut</strong></span> <span class='ocrx_word' id='word_1_226' title='bbox 1479 2301 1565 2358; x_wconf 90' lang='lat' dir='ltr'><strong>certe</strong></span> <span class='ocrx_word' id='word_1_227' title='bbox 1592 2312 1632 2358; x_wconf 88' lang='lat' dir='ltr'><strong>err</strong></span> <span class='ocrx_word' id='word_1_228' title='bbox 1658 2292 1888 2375; x_wconf 79' lang='lat' dir='ltr'><strong>protagonistae</strong></span> 
     </span>
     <span class='ocr_line' id='line_1_19' title="bbox 148 2407 1889 2492; baseline -0.002 -20"><span class='ocrx_word' id='word_1_229' title='bbox 148 2410 231 2472; x_wconf 86' lang='lat' dir='ltr'><strong>obitu</strong></span> <span class='ocrx_word' id='word_1_230' title='bbox 259 2409 297 2472; x_wconf 90' lang='lat' dir='ltr'><strong>ad</strong></span> <span class='ocrx_word' id='word_1_231' title='bbox 328 2411 396 2492; x_wconf 91' lang='lat' dir='ltr'><strong>ejus</strong></span> <span class='ocrx_word' id='word_1_232' title='bbox 426 2411 573 2473; x_wconf 88' lang='lat' dir='ltr'><strong>vicarium</strong></span> <span class='ocrx_word' id='word_1_233' title='bbox 602 2410 709 2473; x_wconf 89' lang='lat' dir='ltr'><strong>nescio</strong></span> <span class='ocrx_word' id='word_1_234' title='bbox 732 2409 803 2491; x_wconf 92' lang='lat' dir='ltr'><strong>quid</strong></span> <span class='ocrx_word' id='word_1_235' title='bbox 827 2408 988 2482; x_wconf 89' lang='lat' dir='ltr'><strong>redundat,</strong></span> <span class='ocrx_word' id='word_1_236' title='bbox 1022 2409 1105 2492; x_wconf 89' lang='lat' dir='ltr'><strong>quod</strong></span> <span class='ocrx_word' id='word_1_237' title='bbox 1139 2409 1327 2492; x_wconf 85' lang='lat' dir='ltr'><strong>singularem</strong></span> <span class='ocrx_word' id='word_1_238' title='bbox 1358 2415 1563 2490; x_wconf 89' lang='lat' dir='ltr'><strong>spectatorum</strong></span> <span class='ocrx_word' id='word_1_239' title='bbox 1590 2416 1643 2472; x_wconf 89' lang='lat' dir='ltr'><strong>ant</strong></span> <span class='ocrx_word' id='word_1_240' title='bbox 1669 2407 1809 2471; x_wconf 78' lang='lat' dir='ltr'><strong>favorem</strong></span> <span class='ocrx_word' id='word_1_241' title='bbox 1837 2411 1889 2469; x_wconf 80' lang='lat' dir='ltr'><strong>snt</strong></span> 
     </span>
     <span class='ocr_line' id='line_1_20' title="bbox 147 2522 1888 2608; baseline -0.002 -16"><span class='ocrx_word' id='word_1_242' title='bbox 147 2526 255 2593; x_wconf 81' lang='lat' dir='ltr'><strong>saltem</strong></span> <span class='ocrx_word' id='word_1_243' title='bbox 278 2525 524 2588; x_wconf 88' lang='lat' dir='ltr'><strong>misericordiam</strong></span> <span class='ocrx_word' id='word_1_244' title='bbox 547 2528 577 2589; x_wconf 92' lang='lat' dir='ltr'><strong>ei</strong></span> <span class='ocrx_word' id='word_1_245' title='bbox 600 2527 752 2589; x_wconf 88' lang='lat' dir='ltr'><strong>conciliet.</strong></span> <span class='ocrx_word' id='word_1_246' title='bbox 787 2525 875 2600; x_wconf 79' lang='lat' dir='ltr'><strong>Quod</strong></span> <span class='ocrx_word' id='word_1_247' title='bbox 898 2533 1072 2608; x_wconf 91' lang='lat' dir='ltr'><strong>utrumque,</strong></span> <span class='ocrx_word' id='word_1_248' title='bbox 1102 2527 1222 2607; x_wconf 90' lang='lat' dir='ltr'><strong>opinor,</strong></span> <span class='ocrx_word' id='word_1_249' title='bbox 1256 2524 1294 2588; x_wconf 89' lang='lat' dir='ltr'><strong>ad</strong></span> <span class='ocrx_word' id='word_1_250' title='bbox 1323 2524 1475 2588; x_wconf 91' lang='lat' dir='ltr'><strong>Teucrum</strong></span> <span class='ocrx_word' id='word_1_251' title='bbox 1505 2523 1648 2607; x_wconf 84' lang='lat' dir='ltr'><strong>quadrat:</strong></span> <span class='ocrx_word' id='word_1_252' title='bbox 1682 2522 1888 2605; x_wconf 72' lang='lat' dir='ltr'><strong>nequeamus</strong></span> 
     </span>
     <span class='ocr_line' id='line_1_21' title="bbox 147 2637 1888 2723; baseline -0.004 -17"><span class='ocrx_word' id='word_1_253' title='bbox 147 2642 247 2706; x_wconf 91' lang='lat' dir='ltr'><strong>solum</strong></span> <span class='ocrx_word' id='word_1_254' title='bbox 270 2642 376 2723; x_wconf 81' lang='lat' dir='ltr'><strong>Ajacis</strong></span> <span class='ocrx_word' id='word_1_255' title='bbox 399 2660 512 2706; x_wconf 87' lang='lat' dir='ltr'><strong>causae</strong></span> <span class='ocrx_word' id='word_1_256' title='bbox 533 2643 576 2706; x_wconf 87' lang='lat' dir='ltr'><strong>ita</strong></span> <span class='ocrx_word' id='word_1_257' title='bbox 598 2642 815 2723; x_wconf 87' lang='lat' dir='ltr'><strong>patrocinatur,</strong></span> <span class='ocrx_word' id='word_1_258' title='bbox 843 2650 886 2714; x_wconf 92' lang='lat' dir='ltr'><strong>ut,</strong></span> <span class='ocrx_word' id='word_1_259' title='bbox 917 2658 1121 2722; x_wconf 90' lang='lat' dir='ltr'><strong>quaecunque</strong></span> <span class='ocrx_word' id='word_1_260' title='bbox 1143 2642 1208 2723; x_wconf 82' lang='lat' dir='ltr'><strong>agit</strong></span> <span class='ocrx_word' id='word_1_261' title='bbox 1229 2639 1352 2716; x_wconf 87' lang='lat' dir='ltr'><strong>dicitvc,</strong></span> <span class='ocrx_word' id='word_1_262' title='bbox 1380 2641 1411 2701; x_wconf 92' lang='lat' dir='ltr'><strong>in</strong></span> <span class='ocrx_word' id='word_1_263' title='bbox 1438 2641 1478 2703; x_wconf 90' lang='lat' dir='ltr'><strong>iis</strong></span> <span class='ocrx_word' id='word_1_264' title='bbox 1500 2642 1569 2721; x_wconf 90' lang='lat' dir='ltr'><strong>ejus</strong></span> <span class='ocrx_word' id='word_1_265' title='bbox 1591 2656 1680 2703; x_wconf 90' lang='lat' dir='ltr'><strong>mens</strong></span> <span class='ocrx_word' id='word_1_266' title='bbox 1702 2638 1823 2720; x_wconf 86' lang='lat' dir='ltr'><strong>spirare</strong></span> <span class='ocrx_word' id='word_1_267' title='bbox 1844 2637 1888 2700; x_wconf 82' lang='lat' dir='ltr'><strong>ui·</strong></span> 
     </span>
     <span class='ocr_line' id='line_1_22' title="bbox 148 2752 1886 2839; baseline -0.003 -18"><span class='ocrx_word' id='word_1_268' title='bbox 148 2758 266 2833; x_wconf 85' lang='lat' dir='ltr'><strong>dentur,</strong></span> <span class='ocrx_word' id='word_1_269' title='bbox 293 2757 349 2820; x_wconf 91' lang='lat' dir='ltr'><strong>sed</strong></span> <span class='ocrx_word' id='word_1_270' title='bbox 381 2759 471 2820; x_wconf 90' lang='lat' dir='ltr'><strong>etiam</strong></span> <span class='ocrx_word' id='word_1_271' title='bbox 501 2765 707 2838; x_wconf 89' lang='lat' dir='ltr'><strong>spectatorum</strong></span> <span class='ocrx_word' id='word_1_272' title='bbox 731 2757 976 2821; x_wconf 87' lang='lat' dir='ltr'><strong>misericordiam</strong></span> <span class='ocrx_word' id='word_1_273' title='bbox 1000 2752 1140 2830; x_wconf 87' lang='lat' dir='ltr'><strong>concitat,</strong></span> <span class='ocrx_word' id='word_1_274' title='bbox 1168 2764 1202 2820; x_wconf 90' lang='lat' dir='ltr'><strong>ut</strong></span> <span class='ocrx_word' id='word_1_275' title='bbox 1231 2756 1318 2839; x_wconf 90' lang='lat' dir='ltr'><strong>cujus</strong></span> <span class='ocrx_word' id='word_1_276' title='bbox 1349 2756 1445 2820; x_wconf 72' lang='lat' dir='ltr'><strong>stater</strong></span> <span class='ocrx_word' id='word_1_277' title='bbox 1467 2755 1685 2821; x_wconf 90' lang='lat' dir='ltr'><strong>dilectissimus</strong></span> <span class='ocrx_word' id='word_1_278' title='bbox 1708 2753 1886 2819; x_wconf 85' lang='lat' dir='ltr'><strong>foedissima</strong></span> 
     </span>
     <span class='ocr_line' id='line_1_23' title="bbox 149 2869 1888 2958; baseline -0.003 -19"><span class='ocrx_word' id='word_1_279' title='bbox 149 2883 248 2939; x_wconf 88' lang='lat' dir='ltr'><strong>morte</strong></span> <span class='ocrx_word' id='word_1_280' title='bbox 271 2874 428 2938; x_wconf 87' lang='lat' dir='ltr'><strong>ceciderit.</strong></span> <span class='ocrx_word' id='word_1_281' title='bbox 452 2909 495 2920; x_wconf 87' lang='lat'>-</span> <span class='ocrx_word' id='word_1_282' title='bbox 516 2876 611 2939; x_wconf 88' lang='lat' dir='ltr'><strong>Estne</strong></span> <span class='ocrx_word' id='word_1_283' title='bbox 633 2884 745 2947; x_wconf 89' lang='lat' dir='ltr'><strong>autem</strong></span> <span class='ocrx_word' id='word_1_284' title='bbox 758 2876 819 2940; x_wconf 90' lang='lat' dir='ltr'><strong>tale</strong></span> <span class='ocrx_word' id='word_1_285' title='bbox 841 2876 913 2958; x_wconf 92' lang='lat' dir='ltr'><strong>quid</strong></span> <span class='ocrx_word' id='word_1_286' title='bbox 936 2877 967 2939; x_wconf 92' lang='lat' dir='ltr'><strong>in</strong></span> <span class='ocrx_word' id='word_1_287' title='bbox 986 2874 1145 2940; x_wconf 85' lang='lat' dir='ltr'><strong>Alcestide</strong></span> <span class='ocrx_word' id='word_1_288' title='bbox 1158 2869 1347 2953; x_wconf 66' lang='lat' dir='ltr'><strong>Euripiden?</strong></span> <span class='ocrx_word' id='word_1_289' title='bbox 1368 2873 1424 2937; x_wconf 88' lang='lat' dir='ltr'><strong>Est</strong></span> <span class='ocrx_word' id='word_1_290' title='bbox 1443 2872 1596 2955; x_wconf 86' lang='lat' dir='ltr'><strong>prolecto,</strong></span> <span class='ocrx_word' id='word_1_291' title='bbox 1619 2874 1646 2936; x_wconf 90' lang='lat' dir='ltr'><strong>si</strong></span> <span class='ocrx_word' id='word_1_292' title='bbox 1667 2871 1888 2936; x_wconf 84' lang='lat' dir='ltr'><strong>Eirnbabernm</strong></span> 
     </span>
     <span class='ocr_line' id='line_1_24' title="bbox 147 2991 1888 3075; baseline -0.003 -18"><span class='ocrx_word' id='word_1_293' title='bbox 147 2991 265 3057; x_wconf 89' lang='lat' dir='ltr'><strong>audias.</strong></span> <span class='ocrx_word' id='word_1_294' title='bbox 288 3024 330 3035; x_wconf 92' lang='grc'><strong>--</strong></span> <span class='ocrx_word' id='word_1_295' title='bbox 353 2992 441 3069; x_wconf 82' lang='lat' dir='ltr'><strong>Quid,</strong></span> <span class='ocrx_word' id='word_1_296' title='bbox 465 3010 592 3075; x_wconf 90' lang='lat' dir='ltr'><strong>quaeso,</strong></span> <span class='ocrx_word' id='word_1_297' title='bbox 615 2992 714 3056; x_wconf 71' lang='lat' dir='ltr'><strong>illudi</strong></span> <span class='ocrx_word' id='word_1_298' title='bbox 744 3027 781 3038; x_wconf 90' lang='lat'>-</span> <span class='ocrx_word' id='word_1_299' title='bbox 809 2993 1063 3068; x_wconf 82' lang='lat' dir='ltr'><strong>Misericordiam,</strong></span> <span class='ocrx_word' id='word_1_300' title='bbox 1092 2993 1199 3073; x_wconf 88' lang='lat' dir='ltr'><strong>inquit,</strong></span> <span class='ocrx_word' id='word_1_301' title='bbox 1227 2991 1377 3056; x_wconf 87' lang='lat' dir='ltr'><strong>Admetus</strong></span> <span class='ocrx_word' id='word_1_302' title='bbox 1400 2999 1575 3056; x_wconf 89' lang='lat' dir='ltr'><strong>commovet</strong></span> <span class='ocrx_word' id='word_1_303' title='bbox 1595 2998 1723 3073; x_wconf 88' lang='lat' dir='ltr'><strong>propter</strong></span> <span class='ocrx_word' id='word_1_304' title='bbox 1745 2991 1888 3054; x_wconf 87' lang='lat' dir='ltr'><strong>amissum</strong></span> 
     </span>
     <span class='ocr_line' id='line_1_25' title="bbox 148 3106 1888 3190; baseline -0.002 -17"><span class='ocrx_word' id='word_1_305' title='bbox 148 3127 290 3174; x_wconf 86' lang='lat' dir='ltr'><strong>uxorem.</strong></span> <span class='ocrx_word' id='word_1_306' title='bbox 313 3108 358 3172; x_wconf 92' lang='lat' dir='ltr'><strong>En</strong></span> <span class='ocrx_word' id='word_1_307' title='bbox 382 3127 484 3186; x_wconf 89' lang='lat' dir='ltr'><strong>causa,</strong></span> <span class='ocrx_word' id='word_1_308' title='bbox 513 3128 570 3172; x_wconf 90' lang='lat' dir='ltr'><strong>cur</strong></span> <span class='ocrx_word' id='word_1_309' title='bbox 592 3110 710 3190; x_wconf 83' lang='lat' dir='ltr'><strong>tragica</strong></span> <span class='ocrx_word' id='word_1_310' title='bbox 732 3126 866 3190; x_wconf 90' lang='lat' dir='ltr'><strong>persona</strong></span> <span class='ocrx_word' id='word_1_311' title='bbox 890 3115 920 3172; x_wconf 89' lang='lat' dir='ltr'><strong>et</strong></span> <span class='ocrx_word' id='word_1_312' title='bbox 942 3110 981 3172; x_wconf 89' lang='lat' dir='ltr'><strong>sit</strong></span> <span class='ocrx_word' id='word_1_313' title='bbox 1002 3117 1033 3172; x_wconf 91' lang='lat' dir='ltr'><strong>et</strong></span> <span class='ocrx_word' id='word_1_314' title='bbox 1055 3107 1209 3172; x_wconf 86' lang='lat' dir='ltr'><strong>uideatur!</strong></span> <span class='ocrx_word' id='word_1_315' title='bbox 1234 3142 1273 3152; x_wconf 91' lang='lat'><strong>—-</strong></span> <span class='ocrx_word' id='word_1_316' title='bbox 1295 3108 1337 3171; x_wconf 83' lang='lat' dir='ltr'><strong>At</strong></span> <span class='ocrx_word' id='word_1_317' title='bbox 1357 3109 1570 3172; x_wconf 78' lang='lat' dir='ltr'><strong>commiserati</strong></span> <span class='ocrx_word' id='word_1_318' title='bbox 1593 3107 1739 3184; x_wconf 87' lang='lat' dir='ltr'><strong>solemus,</strong></span> <span class='ocrx_word' id='word_1_319' title='bbox 1770 3107 1799 3170; x_wconf 93' lang='lat' dir='ltr'><strong>si</strong></span> <span class='ocrx_word' id='word_1_320' title='bbox 1820 3106 1888 3189; x_wconf 86' lang='lat' dir='ltr'><strong>qais</strong></span> 
     </span>
     <span class='ocr_line' id='line_1_26' title="bbox 149 3222 1890 3309; baseline -0.003 -19"><span class='ocrx_word' id='word_1_321' title='bbox 149 3226 364 3291; x_wconf 88' lang='lat' dir='ltr'><strong>misericordia</strong></span> <span class='ocrx_word' id='word_1_322' title='bbox 386 3226 498 3309; x_wconf 77' lang='lat' dir='ltr'><strong>dignus</strong></span> <span class='ocrx_word' id='word_1_323' title='bbox 522 3234 583 3300; x_wconf 82' lang='lat' dir='ltr'><strong>est3</strong></span> <span class='ocrx_word' id='word_1_324' title='bbox 607 3227 634 3289; x_wconf 93' lang='lat' dir='ltr'><strong>si</strong></span> <span class='ocrx_word' id='word_1_325' title='bbox 657 3227 726 3307; x_wconf 94' lang='lat' dir='ltr'><strong>quis</strong></span> <span class='ocrx_word' id='word_1_326' title='bbox 749 3224 903 3307; x_wconf 83' lang='lat' dir='ltr'><strong>indignus,</strong></span> <span class='ocrx_word' id='word_1_327' title='bbox 926 3242 988 3287; x_wconf 89' lang='lat' dir='ltr'><strong>non</strong></span> <span class='ocrx_word' id='word_1_328' title='bbox 1010 3225 1094 3288; x_wconf 90' lang='lat' dir='ltr'><strong>item.</strong></span> <span class='ocrx_word' id='word_1_329' title='bbox 1119 3256 1155 3270; x_wconf 93' lang='lat'>-</span> <span class='ocrx_word' id='word_1_330' title='bbox 1180 3222 1282 3299; x_wconf 73' lang='lat' dir='ltr'><strong>Ouidi</strong></span> <span class='ocrx_word' id='word_1_331' title='bbox 1303 3223 1465 3307; x_wconf 81' lang='lat' dir='ltr'><strong>lndignum</strong></span> <span class='ocrx_word' id='word_1_332' title='bbox 1487 3242 1600 3289; x_wconf 88' lang='lat' dir='ltr'><strong>censes</strong></span> <span class='ocrx_word' id='word_1_333' title='bbox 1622 3223 1807 3289; x_wconf 75' lang='lat' dir='ltr'><strong>Admetum?</strong></span> <span class='ocrx_word' id='word_1_334' title='bbox 1829 3223 1890 3298; x_wconf 88' lang='lat' dir='ltr'><strong>(sic</strong></span> 
     </span>
     <span class='ocr_line' id='line_1_27' title="bbox 148 3338 1888 3425; baseline -0.003 -18"><span class='ocrx_word' id='word_1_335' title='bbox 148 3343 225 3419; x_wconf 85' lang='lat' dir='ltr'><strong>ille).</strong></span> <span class='ocrx_word' id='word_1_336' title='bbox 248 3343 343 3406; x_wconf 92' lang='lat' dir='ltr'><strong>lmmo</strong></span> <span class='ocrx_word' id='word_1_337' title='bbox 366 3343 566 3424; x_wconf 82' lang='lat' dir='ltr'><strong>dignissimus</strong></span> <span class='ocrx_word' id='word_1_338' title='bbox 590 3351 646 3419; x_wconf 89' lang='lat' dir='ltr'><strong>est,</strong></span> <span class='ocrx_word' id='word_1_339' title='bbox 669 3341 822 3425; x_wconf 89' lang='lat' dir='ltr'><strong>siquidem</strong></span> <span class='ocrx_word' id='word_1_340' title='bbox 844 3342 939 3405; x_wconf 89' lang='lat' dir='ltr'><strong>invito</strong></span> <span class='ocrx_word' id='word_1_341' title='bbox 961 3360 1022 3405; x_wconf 89' lang='lat' dir='ltr'><strong>nec</strong></span> <span class='ocrx_word' id='word_1_342' title='bbox 1044 3359 1142 3424; x_wconf 79' lang='lat' dir='ltr'><strong>gnaro</strong></span> <span class='ocrx_word' id='word_1_343' title='bbox 1165 3341 1290 3425; x_wconf 86' lang='lat' dir='ltr'><strong>quidem</strong></span> <span class='ocrx_word' id='word_1_344' title='bbox 1311 3341 1443 3405; x_wconf 80' lang='lat' dir='ltr'><strong>Admeto</strong></span> <span class='ocrx_word' id='word_1_345' title='bbox 1465 3360 1546 3407; x_wconf 88' lang='lat' dir='ltr'><strong>uxor</strong></span> <span class='ocrx_word' id='word_1_346' title='bbox 1567 3361 1603 3407; x_wconf 88' lang='lat' dir='ltr'><strong>se</strong></span> <span class='ocrx_word' id='word_1_347' title='bbox 1626 3341 1768 3406; x_wconf 81' lang='lat' dir='ltr'><strong>devoret.</strong></span> <span class='ocrx_word' id='word_1_348' title='bbox 1795 3338 1888 3415; x_wconf 75' lang='lat' dir='ltr'><strong>Ouid·</strong></span> 
     </span>
     <span class='ocr_line' id='line_1_28' title="bbox 148 3456 1888 3541; baseline -0.001 -19"><span class='ocrx_word' id='word_1_349' title='bbox 148 3462 181 3522; x_wconf 90' lang='lat' dir='ltr'><strong>ni</strong></span> <span class='ocrx_word' id='word_1_350' title='bbox 203 3460 297 3541; x_wconf 84' lang='lat' dir='ltr'><strong>igitur</strong></span> <span class='ocrx_word' id='word_1_351' title='bbox 325 3459 539 3525; x_wconf 86' lang='lat' dir='ltr'><strong>misericordia</strong></span> <span class='ocrx_word' id='word_1_352' title='bbox 567 3460 651 3523; x_wconf 92' lang='lat' dir='ltr'><strong>illum</strong></span> <span class='ocrx_word' id='word_1_353' title='bbox 673 3459 923 3541; x_wconf 67' lang='lat' dir='ltr'><strong>prosequamur?</strong></span> <span class='ocrx_word' id='word_1_354' title='bbox 955 3494 994 3507; x_wconf 90' lang='lat'>-</span> <span class='ocrx_word' id='word_1_355' title='bbox 1023 3459 1109 3523; x_wconf 90' lang='lat' dir='ltr'><strong>Bene</strong></span> <span class='ocrx_word' id='word_1_356' title='bbox 1132 3458 1224 3522; x_wconf 86' lang='lat' dir='ltr'><strong>dicis!</strong></span> <span class='ocrx_word' id='word_1_357' title='bbox 1257 3456 1319 3522; x_wconf 87' lang='lat' dir='ltr'><strong>Sed</strong></span> <span class='ocrx_word' id='word_1_358' title='bbox 1342 3457 1511 3523; x_wconf 82' lang='lat' dir='ltr'><strong>rideamus.</strong></span> <span class='ocrx_word' id='word_1_359' title='bbox 1544 3458 1621 3522; x_wconf 92' lang='lat' dir='ltr'><strong>Nam</strong></span> <span class='ocrx_word' id='word_1_360' title='bbox 1650 3459 1678 3523; x_wconf 94' lang='lat' dir='ltr'><strong>si</strong></span> <span class='ocrx_word' id='word_1_361' title='bbox 1699 3476 1809 3522; x_wconf 84' lang='lat' dir='ltr'><strong>rerum</strong></span> <span class='ocrx_word' id='word_1_362' title='bbox 1831 3463 1888 3532; x_wconf 87' lang='lat' dir='ltr'><strong>est,</strong></span> 
     </span>
     <span class='ocr_line' id='line_1_29' title="bbox 150 3573 1888 3659; baseline -0.002 -21"><span class='ocrx_word' id='word_1_363' title='bbox 150 3573 232 3659; x_wconf 92' lang='lat' dir='ltr'><strong>quod</strong></span> <span class='ocrx_word' id='word_1_364' title='bbox 255 3573 310 3652; x_wconf 85' lang='lat' dir='ltr'><strong>ais,</strong></span> <span class='ocrx_word' id='word_1_365' title='bbox 344 3577 439 3639; x_wconf 87' lang='lat' dir='ltr'><strong>invito</strong></span> <span class='ocrx_word' id='word_1_366' title='bbox 468 3577 603 3658; x_wconf 84' lang='lat' dir='ltr'><strong>conjuge</strong></span> <span class='ocrx_word' id='word_1_367' title='bbox 624 3576 764 3639; x_wconf 87' lang='lat' dir='ltr'><strong>Alcestin</strong></span> <span class='ocrx_word' id='word_1_368' title='bbox 787 3577 876 3640; x_wconf 89' lang='lat' dir='ltr'><strong>morti</strong></span> <span class='ocrx_word' id='word_1_369' title='bbox 898 3594 934 3642; x_wconf 88' lang='lat' dir='ltr'><strong>se</strong></span> <span class='ocrx_word' id='word_1_370' title='bbox 957 3576 1118 3654; x_wconf 90' lang='lat' dir='ltr'><strong>obtulisse,</strong></span> <span class='ocrx_word' id='word_1_371' title='bbox 1149 3574 1263 3658; x_wconf 87' lang='lat' dir='ltr'><strong>aliquid</strong></span> <span class='ocrx_word' id='word_1_372' title='bbox 1285 3575 1393 3639; x_wconf 88' lang='lat' dir='ltr'><strong>saltem</strong></span> <span class='ocrx_word' id='word_1_373' title='bbox 1416 3574 1510 3651; x_wconf 81' lang='lat' dir='ltr'><strong>dicis3</strong></span> <span class='ocrx_word' id='word_1_374' title='bbox 1543 3574 1625 3658; x_wconf 92' lang='lat' dir='ltr'><strong>quod</strong></span> <span class='ocrx_word' id='word_1_375' title='bbox 1647 3583 1750 3640; x_wconf 89' lang='lat' dir='ltr'><strong>tamen</strong></span> <span class='ocrx_word' id='word_1_376' title='bbox 1772 3588 1888 3639; x_wconf 83' lang='lat' dir='ltr'><strong>vereor</strong></span> 
     </span>
    </p>
   </div>
   <div class='ocr_carea' id='block_1_4' title="bbox 132 3841 1889 4930">
    <p class='ocr_par' dir='ltr' id='par_1_4' title="bbox 149 3841 1889 4759">
     <span class='ocr_line' id='line_1_30' title="bbox 253 3841 1887 3912; baseline -0.002 -13"><span class='ocrx_word' id='word_1_377' title='bbox 253 3842 277 3912; x_wconf 86' lang='grc'><strong>1)</strong></span> <span class='ocrx_word' id='word_1_378' title='bbox 296 3846 325 3899; x_wconf 91' lang='lat' dir='ltr'><strong>In</strong></span> <span class='ocrx_word' id='word_1_379' title='bbox 343 3847 393 3900; x_wconf 87' lang='lat' dir='ltr'><strong>hac</strong></span> <span class='ocrx_word' id='word_1_380' title='bbox 418 3845 524 3898; x_wconf 91' lang='lat' dir='ltr'><strong>demum</strong></span> <span class='ocrx_word' id='word_1_381' title='bbox 542 3843 624 3897; x_wconf 83' lang='lat' dir='ltr'><strong>Ulixis</strong></span> <span class='ocrx_word' id='word_1_382' title='bbox 643 3842 847 3910; x_wconf 89' lang='lat' dir='ltr'><strong>intercessione,</strong></span> <span class='ocrx_word' id='word_1_383' title='bbox 874 3857 929 3897; x_wconf 90' lang='lat' dir='ltr'><strong>non</strong></span> <span class='ocrx_word' id='word_1_384' title='bbox 956 3846 985 3898; x_wconf 87' lang='lat' dir='ltr'><strong>in</strong></span> <span class='ocrx_word' id='word_1_385' title='bbox 1009 3845 1096 3898; x_wconf 89' lang='lat' dir='ltr'><strong>morte</strong></span> <span class='ocrx_word' id='word_1_386' title='bbox 1115 3843 1211 3908; x_wconf 76' lang='lat' dir='ltr'><strong>lincis,</strong></span> <span class='ocrx_word' id='word_1_387' title='bbox 1238 3841 1346 3896; x_wconf 79' lang='lat' dir='ltr'><strong>fabulae</strong></span> <span class='ocrx_word' id='word_1_388' title='bbox 1364 3843 1533 3909; x_wconf 86' lang='lat' dir='ltr'><strong>peripetiam,</strong></span> <span class='ocrx_word' id='word_1_389' title='bbox 1558 3841 1770 3909; x_wconf 80' lang='lat' dir='ltr'><strong>quadrassent,</strong></span> <span class='ocrx_word' id='word_1_390' title='bbox 1797 3843 1887 3897; x_wconf 86' lang='lat' dir='ltr'><strong>inesse</strong></span> 
     </span>
     <span class='ocr_line' id='line_1_31' title="bbox 149 3924 1887 3997; baseline -0.004 -11"><span class='ocrx_word' id='word_1_391' title='bbox 149 3933 260 3997; x_wconf 68' lang='lat' dir='ltr'><strong>egregie</strong></span> <span class='ocrx_word' id='word_1_392' title='bbox 279 3930 433 3984; x_wconf 82' lang='lat' dir='ltr'><strong>observavit</strong></span> <span class='ocrx_word' id='word_1_393' title='bbox 450 3930 478 3983; x_wconf 90' lang='lat'><strong>0.</strong></span> <span class='ocrx_word' id='word_1_394' title='bbox 496 3930 607 3983; x_wconf 88' lang='lat' dir='ltr'><strong>llueller</strong></span> <span class='ocrx_word' id='word_1_395' title='bbox 624 3926 797 3991; x_wconf 79' lang='lat' dir='ltr'><strong>(lit-deson.</strong></span> <span class='ocrx_word' id='word_1_396' title='bbox 817 3930 888 3982; x_wconf 85' lang='lat' dir='ltr'><strong>Tum.</strong></span> <span class='ocrx_word' id='word_1_397' title='bbox 906 3931 935 3983; x_wconf 87' lang='lat' dir='ltr'><strong>ll.</strong></span> <span class='ocrx_word' id='word_1_398' title='bbox 956 3943 982 3994; x_wconf 88' lang='lat' dir='ltr'><strong>p.</strong></span> <span class='ocrx_word' id='word_1_399' title='bbox 1002 3932 1060 3984; x_wconf 79' lang='lat' dir='ltr'><strong>lto.</strong></span> <span class='ocrx_word' id='word_1_400' title='bbox 1078 3931 1135 3982; x_wconf 90' lang='lat' dir='ltr'><strong>not.</strong></span> <span class='ocrx_word' id='word_1_401' title='bbox 1155 3931 1192 3991; x_wconf 90' lang='lat' dir='ltr'><strong>l).</strong></span> <span class='ocrx_word' id='word_1_402' title='bbox 1219 3955 1254 3964; x_wconf 89' lang='lat'><em>-</em></span> <span class='ocrx_word' id='word_1_403' title='bbox 1276 3924 1303 3991; x_wconf 78' lang='lat'><strong>²)</strong></span> <span class='ocrx_word' id='word_1_404' title='bbox 1327 3927 1368 3980; x_wconf 82' lang='lat' dir='ltr'><strong>cf.</strong></span> <span class='ocrx_word' id='word_1_405' title='bbox 1385 3928 1576 3992; x_wconf 84' lang='lat' dir='ltr'><strong>Jmmermunu,</strong></span> <span class='ocrx_word' id='word_1_406' title='bbox 1600 3929 1668 3981; x_wconf 83' lang='lat' dir='ltr'><strong>uber</strong></span> <span class='ocrx_word' id='word_1_407' title='bbox 1686 3928 1738 3982; x_wconf 86' lang='lat' dir='ltr'><strong>den</strong></span> <span class='ocrx_word' id='word_1_408' title='bbox 1754 3926 1887 3981; x_wconf 83' lang='lat' dir='ltr'><strong>reseudeu</strong></span> 
     </span>
     <span class='ocr_line' id='line_1_32' title="bbox 149 4011 1888 4082; baseline -0.005 -11"><span class='ocrx_word' id='word_1_409' title='bbox 149 4019 213 4082; x_wconf 74' lang='lat' dir='ltr'><strong>Alex</strong></span> <span class='ocrx_word' id='word_1_410' title='bbox 231 4018 278 4071; x_wconf 88' lang='lat' dir='ltr'><strong>des</strong></span> <span class='ocrx_word' id='word_1_411' title='bbox 298 4017 378 4081; x_wconf 88' lang='lat' dir='ltr'><strong>Sopb.</strong></span> <span class='ocrx_word' id='word_1_412' title='bbox 405 4014 578 4080; x_wconf 73' lang='lat' dir='ltr'><strong>magdeburg,</strong></span> <span class='ocrx_word' id='word_1_413' title='bbox 598 4013 831 4066; x_wconf 85' lang='lat' dir='ltr'><strong>Heinricbsholen.</strong></span> <span class='ocrx_word' id='word_1_414' title='bbox 857 4016 932 4071; x_wconf 81' lang='grc'><strong>1826.</strong></span> <span class='ocrx_word' id='word_1_415' title='bbox 956 4028 982 4080; x_wconf 85' lang='lat' dir='ltr'><strong>p.</strong></span> <span class='ocrx_word' id='word_1_416' title='bbox 1001 4017 1049 4069; x_wconf 80' lang='lat'><strong>53:</strong></span> <span class='ocrx_word' id='word_1_417' title='bbox 1074 4014 1145 4066; x_wconf 87' lang='lat' dir='ltr'><strong>Nacb</strong></span> <span class='ocrx_word' id='word_1_418' title='bbox 1164 4025 1263 4066; x_wconf 87' lang='lat' dir='ltr'><strong>uusem</strong></span> <span class='ocrx_word' id='word_1_419' title='bbox 1282 4012 1425 4065; x_wconf 83' lang='lat' dir='ltr'><strong>Ansicbten</strong></span> <span class='ocrx_word' id='word_1_420' title='bbox 1443 4012 1570 4065; x_wconf 86' lang='lat' dir='ltr'><strong>sclrliesst</strong></span> <span class='ocrx_word' id='word_1_421' title='bbox 1588 4012 1635 4065; x_wconf 89' lang='lat' dir='ltr'><strong>das</strong></span> <span class='ocrx_word' id='word_1_422' title='bbox 1653 4012 1821 4078; x_wconf 81' lang='lat' dir='ltr'><strong>uranerspler</strong></span> <span class='ocrx_word' id='word_1_423' title='bbox 1839 4011 1888 4065; x_wconf 87' lang='lat' dir='ltr'><strong>mit</strong></span> 
     </span>
     <span class='ocr_line' id='line_1_33' title="bbox 150 4096 1889 4162; baseline -0.003 -9"><span class='ocrx_word' id='word_1_424' title='bbox 150 4102 210 4154; x_wconf 89' lang='lat' dir='ltr'><strong>dem</strong></span> <span class='ocrx_word' id='word_1_425' title='bbox 228 4101 297 4155; x_wconf 90' lang='lat' dir='ltr'><strong>Tode</strong></span> <span class='ocrx_word' id='word_1_426' title='bbox 316 4101 362 4154; x_wconf 86' lang='lat' dir='ltr'><strong>des</strong></span> <span class='ocrx_word' id='word_1_427' title='bbox 382 4098 493 4162; x_wconf 86' lang='lat' dir='ltr'><strong>Helden‚</strong></span> <span class='ocrx_word' id='word_1_428' title='bbox 517 4100 586 4152; x_wconf 86' lang='lat' dir='ltr'><strong>nach</strong></span> <span class='ocrx_word' id='word_1_429' title='bbox 606 4099 693 4151; x_wconf 90' lang='lat' dir='ltr'><strong>denen</strong></span> <span class='ocrx_word' id='word_1_430' title='bbox 713 4098 760 4150; x_wconf 84' lang='lat' dir='ltr'><strong>der</strong></span> <span class='ocrx_word' id='word_1_431' title='bbox 779 4097 909 4150; x_wconf 85' lang='lat' dir='ltr'><strong>Griecben</strong></span> <span class='ocrx_word' id='word_1_432' title='bbox 928 4098 1013 4152; x_wconf 91' lang='lat' dir='ltr'><strong>bleibt</strong></span> <span class='ocrx_word' id='word_1_433' title='bbox 1030 4099 1094 4162; x_wconf 76' lang='lat' dir='ltr'><strong>llas</strong></span> <span class='ocrx_word' id='word_1_434' title='bbox 1111 4098 1152 4151; x_wconf 90' lang='lat' dir='ltr'><strong>bis</strong></span> <span class='ocrx_word' id='word_1_435' title='bbox 1172 4110 1233 4150; x_wconf 89' lang='lat' dir='ltr'><strong>zum</strong></span> <span class='ocrx_word' id='word_1_436' title='bbox 1252 4096 1474 4150; x_wconf 82' lang='lat' dir='ltr'><strong>Scheiterhaulen</strong></span> <span class='ocrx_word' id='word_1_437' title='bbox 1492 4097 1557 4150; x_wconf 86' lang='lat' dir='ltr'><strong>Held</strong></span> <span class='ocrx_word' id='word_1_438' title='bbox 1576 4097 1624 4151; x_wconf 90' lang='lat' dir='ltr'><strong>der</strong></span> <span class='ocrx_word' id='word_1_439' title='bbox 1644 4098 1782 4162; x_wconf 76' lang='lat' dir='ltr'><strong>Trugbdle.</strong></span> <span class='ocrx_word' id='word_1_440' title='bbox 1809 4096 1889 4148; x_wconf 87' lang='lat' dir='ltr'><strong>Nicbt</strong></span> 
     </span>
     <span class='ocr_line' id='line_1_34' title="bbox 150 4180 1889 4250; baseline -0.003 -12"><span class='ocrx_word' id='word_1_441' title='bbox 150 4185 198 4238; x_wconf 90' lang='lat' dir='ltr'><strong>der</strong></span> <span class='ocrx_word' id='word_1_442' title='bbox 216 4186 269 4238; x_wconf 85' lang='lat' dir='ltr'><strong>Tod</strong></span> <span class='ocrx_word' id='word_1_443' title='bbox 287 4187 324 4238; x_wconf 84' lang='lat' dir='ltr'><strong>ist</strong></span> <span class='ocrx_word' id='word_1_444' title='bbox 341 4185 400 4237; x_wconf 92' lang='lat' dir='ltr'><strong>sein</strong></span> <span class='ocrx_word' id='word_1_445' title='bbox 418 4184 535 4250; x_wconf 86' lang='lat' dir='ltr'><strong>Letrtes,</strong></span> <span class='ocrx_word' id='word_1_446' title='bbox 563 4184 680 4237; x_wconf 86' lang='lat' dir='ltr'><strong>sondern</strong></span> <span class='ocrx_word' id='word_1_447' title='bbox 699 4184 741 4236; x_wconf 91' lang='lat' dir='ltr'><strong>dle</strong></span> <span class='ocrx_word' id='word_1_448' title='bbox 759 4183 970 4248; x_wconf 56' lang='lat' dir='ltr'><strong>serracenorum</strong></span> <span class='ocrx_word' id='word_1_449' title='bbox 997 4183 1038 4236; x_wconf 86' lang='lat' dir='ltr'><strong>bis</strong></span> <span class='ocrx_word' id='word_1_450' title='bbox 1057 4183 1137 4235; x_wconf 88' lang='lat' dir='ltr'><strong>dalrin</strong></span> <span class='ocrx_word' id='word_1_451' title='bbox 1156 4183 1219 4235; x_wconf 85' lang='lat' dir='ltr'><strong>bdrt</strong></span> <span class='ocrx_word' id='word_1_452' title='bbox 1236 4193 1266 4235; x_wconf 85' lang='lat' dir='ltr'><strong>er</strong></span> <span class='ocrx_word' id='word_1_453' title='bbox 1283 4181 1358 4233; x_wconf 89' lang='lat' dir='ltr'><strong>nlcbt</strong></span> <span class='ocrx_word' id='word_1_454' title='bbox 1375 4180 1430 4245; x_wconf 85' lang='lat' dir='ltr'><strong>aul,</strong></span> <span class='ocrx_word' id='word_1_455' title='bbox 1457 4180 1564 4234; x_wconf 89' lang='lat' dir='ltr'><strong>durcb</strong></span> <span class='ocrx_word' id='word_1_456' title='bbox 1588 4182 1684 4235; x_wconf 85' lang='lat' dir='ltr'><strong>selue</strong></span> <span class='ocrx_word' id='word_1_457' title='bbox 1708 4181 1889 4235; x_wconf 83' lang='lat' dir='ltr'><strong>Tertreter</strong></span> 
     </span>
     <span class='ocr_line' id='line_1_35' title="bbox 149 4264 1888 4333; baseline -0.003 -11"><span class='ocrx_word' id='word_1_458' title='bbox 149 4283 190 4322; x_wconf 89' lang='lat' dir='ltr'><strong>zu</strong></span> <span class='ocrx_word' id='word_1_459' title='bbox 207 4269 359 4322; x_wconf 87' lang='lat' dir='ltr'><strong>bundeln</strong></span> <span class='ocrx_word' id='word_1_460' title='bbox 378 4271 442 4333; x_wconf 91' lang='lat' dir='ltr'><strong>und,</strong></span> <span class='ocrx_word' id='word_1_461' title='bbox 460 4281 539 4321; x_wconf 88' lang='lat' dir='ltr'><strong>wenn</strong></span> <span class='ocrx_word' id='word_1_462' title='bbox 558 4270 627 4322; x_wconf 86' lang='lat' dir='ltr'><strong>auch</strong></span> <span class='ocrx_word' id='word_1_463' title='bbox 645 4268 752 4332; x_wconf 87' lang='lat' dir='ltr'><strong>stumm,</strong></span> <span class='ocrx_word' id='word_1_464' title='bbox 771 4268 799 4320; x_wconf 92' lang='lat' dir='ltr'><strong>in</strong></span> <span class='ocrx_word' id='word_1_465' title='bbox 819 4267 866 4322; x_wconf 91' lang='lat' dir='ltr'><strong>der</strong></span> <span class='ocrx_word' id='word_1_466' title='bbox 884 4268 1039 4332; x_wconf 75' lang='lat' dir='ltr'><strong>sympathia</strong></span> <span class='ocrx_word' id='word_1_467' title='bbox 1057 4269 1105 4321; x_wconf 87' lang='lat' dir='ltr'><strong>der</strong></span> <span class='ocrx_word' id='word_1_468' title='bbox 1123 4268 1286 4330; x_wconf 87' lang='lat' dir='ltr'><strong>Zuscbauer,</strong></span> <span class='ocrx_word' id='word_1_469' title='bbox 1304 4278 1338 4318; x_wconf 92' lang='lat' dir='ltr'><strong>zu</strong></span> <span class='ocrx_word' id='word_1_470' title='bbox 1356 4265 1453 4318; x_wconf 87' lang='lat' dir='ltr'><strong>leiden.</strong></span> <span class='ocrx_word' id='word_1_471' title='bbox 1472 4265 1516 4319; x_wconf 89' lang='lat' dir='ltr'><strong>Bis</strong></span> <span class='ocrx_word' id='word_1_472' title='bbox 1534 4266 1614 4320; x_wconf 84' lang='lat' dir='ltr'><strong>daura</strong></span> <span class='ocrx_word' id='word_1_473' title='bbox 1632 4267 1704 4321; x_wconf 88' lang='lat' dir='ltr'><strong>kann</strong></span> <span class='ocrx_word' id='word_1_474' title='bbox 1723 4264 1888 4319; x_wconf 84' lang='lat' dir='ltr'><strong>dasscblclr·</strong></span> 
     </span>
     <span class='ocr_line' id='line_1_36' title="bbox 149 4349 1887 4415; baseline -0.005 -4"><span class='ocrx_word' id='word_1_475' title='bbox 149 4357 190 4411; x_wconf 84' lang='lat' dir='ltr'><strong>sel</strong></span> <span class='ocrx_word' id='word_1_476' title='bbox 207 4355 392 4409; x_wconf 82' lang='lat' dir='ltr'><strong>lorlwtbrend</strong></span> <span class='ocrx_word' id='word_1_477' title='bbox 411 4354 522 4408; x_wconf 86' lang='lat' dir='ltr'><strong>Gesetze</strong></span> <span class='ocrx_word' id='word_1_478' title='bbox 540 4365 575 4406; x_wconf 90' lang='lat' dir='ltr'><strong>an</strong></span> <span class='ocrx_word' id='word_1_479' title='bbox 593 4354 648 4406; x_wconf 85' lang='lat' dir='ltr'><strong>ium</strong></span> <span class='ocrx_word' id='word_1_480' title='bbox 666 4352 856 4407; x_wconf 83' lang='lat' dir='ltr'><strong>vollstreclren.</strong></span> <span class='ocrx_word' id='word_1_481' title='bbox 882 4353 939 4404; x_wconf 81' lang='lat' dir='ltr'><strong>lind</strong></span> <span class='ocrx_word' id='word_1_482' title='bbox 956 4364 1035 4405; x_wconf 88' lang='lat' dir='ltr'><strong>wenn</strong></span> <span class='ocrx_word' id='word_1_483' title='bbox 1053 4353 1104 4405; x_wconf 87' lang='lat' dir='ltr'><strong>wir</strong></span> <span class='ocrx_word' id='word_1_484' title='bbox 1121 4352 1193 4405; x_wconf 84' lang='lat' dir='ltr'><strong>diess</strong></span> <span class='ocrx_word' id='word_1_485' title='bbox 1211 4362 1264 4403; x_wconf 90' lang='lat' dir='ltr'><strong>nur</strong></span> <span class='ocrx_word' id='word_1_486' title='bbox 1281 4349 1437 4415; x_wconf 72' lang='lat' dir='ltr'><strong>festbaltem</strong></span> <span class='ocrx_word' id='word_1_487' title='bbox 1455 4362 1486 4403; x_wconf 94' lang='lat' dir='ltr'><strong>so</strong></span> <span class='ocrx_word' id='word_1_488' title='bbox 1504 4351 1654 4405; x_wconf 79' lang='lat' dir='ltr'><strong>belremdet</strong></span> <span class='ocrx_word' id='word_1_489' title='bbox 1671 4363 1723 4404; x_wconf 92' lang='lat' dir='ltr'><strong>uns</strong></span> <span class='ocrx_word' id='word_1_490' title='bbox 1741 4351 1789 4404; x_wconf 90' lang='lat' dir='ltr'><strong>der</strong></span> <span class='ocrx_word' id='word_1_491' title='bbox 1806 4350 1887 4404; x_wconf 86' lang='lat' dir='ltr'><strong>letste</strong></span> 
     </span>
     <span class='ocr_line' id='line_1_37' title="bbox 150 4433 1889 4501; baseline -0.005 -7"><span class='ocrx_word' id='word_1_492' title='bbox 150 4440 223 4497; x_wconf 87' lang='lat' dir='ltr'><strong>Tbsil</strong></span> <span class='ocrx_word' id='word_1_493' title='bbox 241 4439 289 4492; x_wconf 85' lang='lat' dir='ltr'><strong>des</strong></span> <span class='ocrx_word' id='word_1_494' title='bbox 307 4440 404 4492; x_wconf 82' lang='lat' dir='ltr'><strong>stdcks</strong></span> <span class='ocrx_word' id='word_1_495' title='bbox 423 4439 498 4493; x_wconf 87' lang='lat' dir='ltr'><strong>nicht</strong></span> <span class='ocrx_word' id='word_1_496' title='bbox 516 4439 600 4492; x_wconf 90' lang='lat' dir='ltr'><strong>mebr.</strong></span> <span class='ocrx_word' id='word_1_497' title='bbox 619 4438 665 4491; x_wconf 83' lang='lat' dir='ltr'><strong>Die</strong></span> <span class='ocrx_word' id='word_1_498' title='bbox 684 4437 819 4500; x_wconf 75' lang='lat' dir='ltr'><strong>urentung</strong></span> <span class='ocrx_word' id='word_1_499' title='bbox 836 4436 972 4489; x_wconf 90' lang='lat' dir='ltr'><strong>erscbeint</strong></span> <span class='ocrx_word' id='word_1_500' title='bbox 990 4437 1059 4489; x_wconf 90' lang='lat' dir='ltr'><strong>aucb</strong></span> <span class='ocrx_word' id='word_1_501' title='bbox 1076 4437 1105 4489; x_wconf 87' lang='lat' dir='ltr'><strong>ln</strong></span> <span class='ocrx_word' id='word_1_502' title='bbox 1123 4437 1177 4488; x_wconf 86' lang='lat' dir='ltr'><strong>ihm</strong></span> <span class='ocrx_word' id='word_1_503' title='bbox 1196 4435 1330 4489; x_wconf 84' lang='lat' dir='ltr'><strong>durcbaus</strong></span> <span class='ocrx_word' id='word_1_504' title='bbox 1341 4433 1559 4501; x_wconf 76' lang='lat' dir='ltr'><strong>torucureitend,</strong></span> <span class='ocrx_word' id='word_1_505' title='bbox 1577 4435 1747 4488; x_wconf 84' lang='lat' dir='ltr'><strong>barmonisclr</strong></span> <span class='ocrx_word' id='word_1_506' title='bbox 1761 4433 1889 4499; x_wconf 72' lang='lat' dir='ltr'><strong>seblldet,</strong></span> 
     </span>
     <span class='ocr_line' id='line_1_38' title="bbox 149 4514 1887 4590; baseline -0.005 -9"><span class='ocrx_word' id='word_1_507' title='bbox 149 4527 191 4581; x_wconf 83' lang='lat' dir='ltr'><strong>bis</strong></span> <span class='ocrx_word' id='word_1_508' title='bbox 208 4521 261 4578; x_wconf 89' lang='lat' dir='ltr'><strong>in&#39;s</strong></span> <span class='ocrx_word' id='word_1_509' title='bbox 278 4524 404 4578; x_wconf 87' lang='lat' dir='ltr'><strong>Eiuzelne</strong></span> <span class='ocrx_word' id='word_1_510' title='bbox 422 4523 574 4590; x_wconf 74' lang='lat' dir='ltr'><strong>gegliedert</strong></span> <span class='ocrx_word' id='word_1_511' title='bbox 597 4523 652 4576; x_wconf 89' lang='lat' dir='ltr'><strong>und</strong></span> <span class='ocrx_word' id='word_1_512' title='bbox 672 4523 758 4576; x_wconf 87' lang='lat' dir='ltr'><strong>selbst</strong></span> <span class='ocrx_word' id='word_1_513' title='bbox 775 4522 996 4586; x_wconf 71' lang='lat' dir='ltr'><strong>manntgrartrger</strong></span> <span class='ocrx_word' id='word_1_514' title='bbox 1013 4522 1053 4575; x_wconf 90' lang='lat' dir='ltr'><strong>als</strong></span> <span class='ocrx_word' id='word_1_515' title='bbox 1072 4521 1176 4575; x_wconf 78' lang='lat' dir='ltr'><strong>truher.</strong></span> <span class='ocrx_word' id='word_1_516' title='bbox 1202 4547 1237 4556; x_wconf 90' lang='lat'><em>-</em></span> <span class='ocrx_word' id='word_1_517' title='bbox 1265 4514 1290 4585; x_wconf 82' lang='lat'><strong>⁸)</strong></span> <span class='ocrx_word' id='word_1_518' title='bbox 1317 4518 1395 4572; x_wconf 79' lang='lat' dir='ltr'><strong>coni.</strong></span> <span class='ocrx_word' id='word_1_519' title='bbox 1414 4520 1609 4574; x_wconf 84' lang='lat' dir='ltr'><strong>Schneidewini</strong></span> <span class='ocrx_word' id='word_1_520' title='bbox 1626 4530 1746 4584; x_wconf 90' lang='lat' dir='ltr'><strong>prooem.</strong></span> <span class='ocrx_word' id='word_1_521' title='bbox 1765 4517 1800 4571; x_wconf 84' lang='lat' dir='ltr'><strong>ud</strong></span> <span class='ocrx_word' id='word_1_522' title='bbox 1816 4518 1887 4582; x_wconf 63' lang='lat' dir='ltr'><strong>Mer„</strong></span> 
     </span>
     <span class='ocr_line' id='line_1_39' title="bbox 149 4599 1888 4675; baseline -0.005 -12"><span class='ocrx_word' id='word_1_523' title='bbox 149 4624 175 4675; x_wconf 89' lang='lat' dir='ltr'><strong>p.</strong></span> <span class='ocrx_word' id='word_1_524' title='bbox 195 4612 220 4663; x_wconf 82' lang='grc' dir='ltr'><strong>θ.</strong></span> <span class='ocrx_word' id='word_1_525' title='bbox 238 4611 263 4663; x_wconf 82' lang='grc'><strong>7.</strong></span> <span class='ocrx_word' id='word_1_526' title='bbox 289 4636 325 4647; x_wconf 88' lang='grc'><strong>-</strong></span> <span class='ocrx_word' id='word_1_527' title='bbox 349 4603 375 4673; x_wconf 83' lang='lat'><strong>⁴)</strong></span> <span class='ocrx_word' id='word_1_528' title='bbox 399 4609 429 4661; x_wconf 91' lang='lat' dir='ltr'><strong>ln</strong></span> <span class='ocrx_word' id='word_1_529' title='bbox 446 4608 578 4673; x_wconf 84' lang='lat' dir='ltr'><strong>Sophocle</strong></span> <span class='ocrx_word' id='word_1_530' title='bbox 596 4607 703 4661; x_wconf 89' lang='lat' dir='ltr'><strong>citando</strong></span> <span class='ocrx_word' id='word_1_531' title='bbox 722 4607 927 4671; x_wconf 81' lang='lat' dir='ltr'><strong>Schneidewinl,</strong></span> <span class='ocrx_word' id='word_1_532' title='bbox 945 4607 974 4659; x_wconf 85' lang='lat' dir='ltr'><strong>tn</strong></span> <span class='ocrx_word' id='word_1_533' title='bbox 992 4606 1118 4670; x_wconf 82' lang='lat' dir='ltr'><strong>Euripide</strong></span> <span class='ocrx_word' id='word_1_534' title='bbox 1136 4605 1251 4671; x_wconf 73' lang='lat' dir='ltr'><strong>Pungkti</strong></span> <span class='ocrx_word' id='word_1_535' title='bbox 1269 4604 1388 4658; x_wconf 84' lang='lat' dir='ltr'><strong>editione</strong></span> <span class='ocrx_word' id='word_1_536' title='bbox 1408 4605 1449 4658; x_wconf 89' lang='lat' dir='ltr'><strong>usi</strong></span> <span class='ocrx_word' id='word_1_537' title='bbox 1466 4616 1569 4658; x_wconf 89' lang='lat' dir='ltr'><strong>sumus.</strong></span> <span class='ocrx_word' id='word_1_538' title='bbox 1595 4632 1631 4641; x_wconf 90' lang='lat'><em>—</em></span> <span class='ocrx_word' id='word_1_539' title='bbox 1657 4599 1681 4668; x_wconf 80' lang='lat'><strong>⁵)</strong></span> <span class='ocrx_word' id='word_1_540' title='bbox 1700 4603 1742 4656; x_wconf 85' lang='lat' dir='ltr'><strong>cl&#39;.</strong></span> <span class='ocrx_word' id='word_1_541' title='bbox 1761 4603 1888 4667; x_wconf 73' lang='lat' dir='ltr'><strong>warner,</strong></span> 
     </span>
     <span class='ocr_line' id='line_1_40' title="bbox 149 4672 1887 4759; baseline -0.006 -9"><span class='ocrx_word' id='word_1_542' title='bbox 149 4695 213 4750; x_wconf 88' lang='lat' dir='ltr'><strong>edit.</strong></span> <span class='ocrx_word' id='word_1_543' title='bbox 233 4694 287 4747; x_wconf 79' lang='lat' dir='ltr'><strong>llo.</strong></span> <span class='ocrx_word' id='word_1_544' title='bbox 305 4706 331 4759; x_wconf 91' lang='lat' dir='ltr'><strong>p.</strong></span> <span class='ocrx_word' id='word_1_545' title='bbox 350 4696 383 4748; x_wconf 76' lang='lat'><strong>9:</strong></span> <span class='ocrx_word' id='word_1_546' title='bbox 401 4692 469 4747; x_wconf 85' lang='lat' dir='ltr'><strong>illud</strong></span> <span class='ocrx_word' id='word_1_547' title='bbox 487 4693 561 4747; x_wconf 88' lang='lat' dir='ltr'><strong>certe</strong></span> <span class='ocrx_word' id='word_1_548' title='bbox 580 4692 674 4744; x_wconf 87' lang='lat' dir='ltr'><strong>mirari</strong></span> <span class='ocrx_word' id='word_1_549' title='bbox 692 4692 751 4756; x_wconf 89' lang='lat' dir='ltr'><strong>quis</strong></span> <span class='ocrx_word' id='word_1_550' title='bbox 764 4693 859 4757; x_wconf 88' lang='lat' dir='ltr'><strong>possit,</strong></span> <span class='ocrx_word' id='word_1_551' title='bbox 878 4693 1047 4756; x_wconf 80' lang='lat' dir='ltr'><strong>dramatico,</strong></span> <span class='ocrx_word' id='word_1_552' title='bbox 1065 4693 1089 4746; x_wconf 88' lang='lat' dir='ltr'><strong>si</strong></span> <span class='ocrx_word' id='word_1_553' title='bbox 1107 4691 1245 4756; x_wconf 89' lang='lat' dir='ltr'><strong>sumseris,</strong></span> <span class='ocrx_word' id='word_1_554' title='bbox 1262 4690 1401 4744; x_wconf 79' lang='lat' dir='ltr'><strong>Admetum</strong></span> <span class='ocrx_word' id='word_1_555' title='bbox 1414 4701 1474 4743; x_wconf 87' lang='lat' dir='ltr'><strong>esse</strong></span> <span class='ocrx_word' id='word_1_556' title='bbox 1494 4672 1783 4757; x_wconf 76' lang='grc' dir='ltr'><em>πρωταγωνιστὴν,</em></span> <span class='ocrx_word' id='word_1_557' title='bbox 1802 4686 1887 4750; x_wconf 71' lang='lat' dir='ltr'><strong>magis</strong></span> 
     </span>
    </p>

    <p class='ocr_par' dir='ltr' id='par_1_5' title="bbox 132 4771 1888 4930">
     <span class='ocr_line' id='line_1_41' title="bbox 132 4771 1888 4845; baseline -0.006 -10"><span class='ocrx_word' id='word_1_558' title='bbox 132 4777 255 4837; x_wconf 74' lang='lat' dir='ltr'><strong>&#39;referre</strong></span> <span class='ocrx_word' id='word_1_559' title='bbox 270 4781 398 4841; x_wconf 86' lang='lat' dir='ltr'><strong>naturam</strong></span> <span class='ocrx_word' id='word_1_560' title='bbox 414 4778 578 4845; x_wconf 73' lang='lat' dir='ltr'><strong>tragoediae,</strong></span> <span class='ocrx_word' id='word_1_561' title='bbox 597 4777 667 4842; x_wconf 84' lang='lat' dir='ltr'><strong>quod</strong></span> <span class='ocrx_word' id='word_1_562' title='bbox 684 4777 819 4833; x_wconf 85' lang='lat' dir='ltr'><strong>neminem</strong></span> <span class='ocrx_word' id='word_1_563' title='bbox 838 4778 917 4832; x_wconf 84' lang='lat' dir='ltr'><strong>facile</strong></span> <span class='ocrx_word' id='word_1_564' title='bbox 934 4779 1098 4842; x_wconf 73' lang='lat' dir='ltr'><strong>negaturum</strong></span> <span class='ocrx_word' id='word_1_565' title='bbox 1116 4776 1221 4839; x_wconf 80' lang='lat' dir='ltr'><strong>confido</strong></span> <span class='ocrx_word' id='word_1_566' title='bbox 1240 4778 1291 4832; x_wconf 88' lang='lat' dir='ltr'><strong>etc.</strong></span> <span class='ocrx_word' id='word_1_567' title='bbox 1308 4803 1343 4812; x_wconf 92' lang='lat'><strong>—</strong></span> <span class='ocrx_word' id='word_1_568' title='bbox 1361 4777 1479 4839; x_wconf 73' lang='lat' dir='ltr'><strong>wagner</strong></span> <span class='ocrx_word' id='word_1_569' title='bbox 1495 4774 1581 4838; x_wconf 68' lang='lat' dir='ltr'><strong>initur</strong></span> <span class='ocrx_word' id='word_1_570' title='bbox 1598 4774 1647 4829; x_wconf 85' lang='lat' dir='ltr'><strong>uni</strong></span> <span class='ocrx_word' id='word_1_571' title='bbox 1657 4774 1767 4831; x_wconf 79' lang='lat' dir='ltr'><strong>sonato</strong></span> <span class='ocrx_word' id='word_1_572' title='bbox 1785 4771 1888 4836; x_wconf 78' lang='lat' dir='ltr'><strong>prinae</strong></span> 
     </span>
     <span class='ocr_line' id='line_1_42' title="bbox 150 4864 712 4930; baseline -0.007 -11"><span class='ocrx_word' id='word_1_573' title='bbox 150 4876 281 4929; x_wconf 86' lang='lat' dir='ltr'><strong>personae</strong></span> <span class='ocrx_word' id='word_1_574' title='bbox 300 4865 346 4920; x_wconf 90' lang='lat' dir='ltr'><strong>dat</strong></span> <span class='ocrx_word' id='word_1_575' title='bbox 362 4866 462 4930; x_wconf 82' lang='lat' dir='ltr'><strong>partes.</strong></span> <span class='ocrx_word' id='word_1_576' title='bbox 482 4865 516 4918; x_wconf 80' lang='lat' dir='ltr'><strong>ci.</strong></span> <span class='ocrx_word' id='word_1_577' title='bbox 535 4875 607 4930; x_wconf 91' lang='lat' dir='ltr'><strong>supr.</strong></span> <span class='ocrx_word' id='word_1_578' title='bbox 626 4864 651 4927; x_wconf 82' lang='lat'><strong>§.</strong></span> <span class='ocrx_word' id='word_1_579' title='bbox 671 4864 712 4918; x_wconf 86' lang='lat'><strong>18.</strong></span> 
     </span>
    </p>
   </div>
   <div class='ocr_carea' id='block_1_5' title="bbox 0 0 2132 5442">
    <p class='ocr_par' dir='ltr' id='par_1_6' title="bbox 0 0 2132 5442">
     <span class='ocr_line' id='line_1_43' title="bbox 0 0 2132 5442; baseline 0 0"><span class='ocrx_word' id='word_1_580' title='bbox 0 0 2132 5442; x_wconf 95' lang='lat' dir='ltr'><strong> </strong></span> 
     </span>
    </p>
   </div>
  </div>
 </body>
</html>
