4250 5442
833 228 1131 338 kaa—

134 458 227 521 hilsm
250 458 391 535 moverit,
413 465 448 521 ut
470 476 575 522 merae
596 457 727 522 lunonis
749 458 814 523 irae
838 459 906 540 ejus
929 458 1054 522 miseria
1077 456 1235 524 debeatur.
1276 459 1430 524 llacienus
1460 459 1540 523 enim
1572 477 1665 540 quum
1693 457 1781 521 lovis
1812 457 1876 523 edi·

25 637 26 659 ,
135 583 214 639 ctum
238 575 418 649 obstitisset,
442 577 605 659 quominus
627 577 703 639 iram
726 594 812 640 suam
835 577 865 639 in
889 596 959 641 enm
983 584 1154 654 evomeret,
1177 596 1258 640 nunc
1280 577 1402 641 tandem
1425 578 1476 641 illa
1500 577 1640 658 erumpit,
1664 574 1767 656 deque
1786 574 1876 638 coelo

24 779 25 786 η
134 693 265 758 detrahit
287 695 440 759 insontem
464 697 573 758 virum.
597 694 696 769 Ouidi
719 693 801 777 quod
823 695 974 759 llercules
998 695 1036 758 de
1061 695 1119 759 diis
1144 696 1258 777 optime
1281 698 1409 759 meritus
1427 703 1485 759 est.
1508 695 1584 758 Nam
1607 669 1876 775 audias,'quaeso,

134 812 216 895 quod
238 812 277 875 ad
298 811 409 876 lridem
433 810 580 894 Lyssa¹):
613 811 693 895 daho
722 806 778 877 ὅδ’
805 811 863 877 οὐκ
893 807 1024 896 ἄσημος
1054 807 1126 877 οὔτ’
1155 812 1207 877 ἐπὶ
1232 815 1333 891 χθονὶ
1362 813 1366 891 Ι
1393 808 1463 878 οὔτ’
1492 811 1525 877 ἐν
1552 815 1696 892 θεοῖσιν,
1726 794 1767 874 οὗ
1788 812 1822 890 γε’
1844 806 1877 890 μ’

133 928 319 1010 electenses
342 927 478 1011 δόμους·
499 930 503 1007 Ι
524 922 652 1009 ἄβατον
674 926 713 993 δὲ
735 930 846 1009 χώραν
867 932 922 993 καὶ
943 930 1119 995 θάλασσαν
1139 931 1255 1017 ἀγρίαν
1274 926 1279 1012 Ι
1299 929 1518 1013 ἐξημερώσας,
1540 931 1642 996 θεῶν
1663 926 1876 1009 ἀνέστησεν

133 1049 253 1128 μόνος
281 1041 286 1128 Ι
312 1047 428 1128 τιμὰς
455 1048 669 1121 πιτνούσας
698 1043 869 1110 ἀνοσίων
898 1043 1051 1127 ἀνδρῶν
1073 1042 1159 1113 ὕπο·
1186 1047 1191 1125 Ι
1217 1041 1297 1112 ὥστ’
1320 1046 1358 1112 οὐ
1379 1051 1532 1135 παραινεῖ
1553 1047 1674 1130 μεγάλα
1695 1045 1876 1125 βόολεςθαι

132 1164 225 1227 κακά.
255 1162 338 1236 Unus
361 1163 455 1244 igitur
477 1163 628 1226 Hercules
649 1164 677 1225 is
701 1161 766 1238 init,
789 1163 841 1244 qui
863 1163 999 1226 honores
1023 1162 1153 1227 deorum
1175 1165 1213 1229 ab
1235 1166 1338 1247 impiis
1360 1164 1535 1228 hominibus
1554 1164 1659 1227 laesos
1678 1162 1709 1225 in
1722 1162 1875 1241 integrum

132 1281 321 1344 restitueret.
347 1313 385 1325 -
408 1279 486 1354 Ouid
509 1298 585 1343 vero
609 1277 673 1342 diii
704 1278 783 1352 Non,
805 1287 838 1342 ut
859 1297 914 1360 par
937 1287 1012 1358 erat,
1035 1285 1163 1347 summis
1187 1284 1333 1366 praemiis
1357 1303 1428 1348 enm
1450 1282 1596 1359 alliciunt,
1619 1279 1686 1353 sed,
1710 1279 1798 1361 quasi
1822 1278 1873 1341 hu·

19 1483 20 1486 ¹
134 1415 222 1459 mana
245 1397 341 1478 pietas
363 1398 416 1460 vix
438 1397 528 1460 ilocci
552 1395 753 1460 existimanda
777 1404 871 1471 esset,
899 1398 930 1460 in
953 1398 1078 1463 exitium
1103 1421 1173 1466 eum
1195 1402 1405 1483 praecipitant.
1428 1401 1534 1483 ltaque
1552 1401 1671 1482 justitia
1694 1397 1823 1461 deorum
1845 1395 1877 1461 iu

18 1601 20 1604 y
134 1513 192 1578 hac
214 1532 307 1578 causa
329 1523 456 1596 apparet
477 1514 570 1578 nulla.

260 1630 290 1713 ἕ.
314 1630 365 1696 53.
389 1634 474 1714 Ergo
497 1631 744 1696 misericordium
767 1630 918 1714 quandam
941 1641 1116 1697 commovet
1137 1633 1274 1710 Alcides,
1297 1644 1331 1700 ui
1348 1638 1412 1718 jam
1436 1636 1578 1711 diximus,
1602 1633 1745 1716 quoniam
1768 1632 1874 1697 imme·

17 1733 18 1778 ³
133 1752 193 1815 rito
217 1751 293 1814 mala
318 1752 441 1832 patitur.
464 1750 525 1815 Sed
548 1751 621 1833 quid
644 1749 796 1831 amplius?
824 1752 873 1813 liu
896 1748 978 1812 idem
1001 1753 1135 1836 poseat
1157 1748 1324 1832 Minime²).
1360 1755 1480 1827 Quanto
1504 1755 1586 1817 enim
1608 1750 1769 1815 intervallo
1793 1767 1875 1814 sum·

133 1887 215 1932 mum
237 1869 377 1941 heroem,
401 1869 523 1950 qualem
545 1868 708 1950 Euripides
729 1866 906 1948 descripsit,
929 1866 968 1929 ab
991 1867 1166 1933 hominibus
1190 1869 1315 1944 distare,
1346 1879 1491 1953 quantum
1520 1869 1558 1933 ah
1581 1869 1619 1933 iis
1642 1867 1772 1932 differre
1792 1865 1874 1929 dica·

134 1994 216 2049 mus!
241 1986 322 2060 Quot
344 1993 533 2068 quantasque
555 2004 609 2049 res
631 1986 684 2048 ille
707 1985 823 2068 gessit!
847 1985 944 2058 Quam
966 2002 1066 2064 paene
1089 1985 1208 2050 divinas
1223 1988 1368 2070 viresque
1385 1989 1541 2053 hominum
1560 1988 1655 2069 longe
1670 1983 1874 2050 excedentes!

134 2104 213 2166 Vicit
235 2104 422 2178 Centaurum
457 2106 614 2186 superavit
636 2105 826 2176 Amazonem
859 2100 1016 2166 interiecit
1038 2110 1207 2166 monstrum
1229 2103 1408 2168 Nemaeum.
1443 2104 1545 2180 Quint
1578 2101 1659 2186 quod
1688 2101 1727 2165 ad
1755 2099 1874 2165 inlesos

134 2221 311 2296 descendit3
334 2222 416 2286 unde
439 2232 470 2287 et
492 2224 660 2288 Cerberum
675 2232 706 2286 et
716 2224 869 2286 Theseum
892 2223 1024 2285 amicum
1046 2237 1154 2283 secum
1168 2215 1336 2297 reduxit³).
1358 2222 1464 2305 ltaque
1486 2222 1539 2285 vix
1562 2228 1593 2283 et
1614 2237 1654 2284 ne
1677 2220 1728 2283 vix
1750 2215 1874 2300 quidem

133 2334 264 2423 ὅμοιος,
286 2348 319 2404 ut
341 2341 438 2405 verbo
451 2342 631 2406 Aristotelio
653 2351 730 2415 utar,
753 2343 772 2404 i.
786 2360 814 2404 e.
835 2348 961 2405 nostrae
983 2339 1102 2402 farinae
1124 2336 1284 2401 habendus
1307 2339 1380 2412 erit;
1405 2339 1518 2421 quippe
1540 2338 1609 2419 plus
1631 2338 1662 2400 in
1685 2354 1723 2401 eo
1747 2334 1874 2417 ingenii,

132 2458 235 2529 animi,
258 2458 377 2522 virtutis
401 2461 490 2537 inest,
524 2478 614 2542 quam
645 2467 751 2522 natura
779 2459 910 2522 humana
941 2456 1027 2522 ferre
1047 2475 1144 2538 posse
1166 2456 1297 2521 videtur.
1330 2458 1436 2540 ltaque
1467 2458 1577 2544 φόβον
1605 2463 1779 2520 commovet
1808 2452 1874 2516 nul·

133 2569 242 2649 lum⁴).
265 2606 306 2619 -
329 2575 390 2640 Sed
412 2584 445 2639 nt
467 2575 503 2639 ad
528 2576 775 2640 misericordiam
797 2583 947 2654 revertar,
978 2595 1038 2657 qua
1066 2574 1230 2638 Herculem
1255 2577 1482 2657 prosequimur,
1518 2594 1559 2639 ne
1588 2575 1666 2638 haec
1689 2572 1814 2656 quidem
1837 2589 1874 2637 ca

134 2699 191 2767 est,
215 2692 265 2754 cui
287 2692 409 2772 penitus
431 2710 489 2755 nos
513 2691 678 2756 dedamus:
704 2711 774 2755 nam
798 2692 981 2755 ohscuratur
1003 2692 1091 2773 quasi
1114 2710 1151 2755 ac
1174 2710 1272 2772 paene
1295 2693 1455 2755 evanescit
1474 2711 1550 2772 prae
1572 2691 1791 2773 indignatione,
1815 2707 1874 2773 qus

132 2808 262 2871 lunonis
285 2809 474 2890 iniquitatem
496 2811 731 2873 stomachamur.
767 2810 813 2872 Αο
841 2810 936 2892 longe
966 2809 1055 2873 aliter
1084 2807 1227 2890 proiecto
1256 2809 1399 2874 Herculis
1423 2810 1548 2874 miseria
1570 2827 1627 2873 nos
1660 2808 1755 2872 afficit
1783 2815 1872 2890 atque

133 2924 272 2988 deberet.
295 2925 371 2987 Nam
394 2926 494 2989 sicubi
517 2946 608 3009 quem
631 2928 784 2991 immerito
808 2928 895 2990 malis
918 2926 1097 2993 demersum
1121 2927 1270 3001 videmus,
1299 2946 1403 2991 nonne
1433 2928 1464 2992 id
1493 2927 1677 2991 documento
1700 2927 1792 2991 nohis
1814 2933 1871 3002 ast,

133 3058 173 3102 ne
196 3039 284 3117 deos,
315 3043 428 3126 quippe
451 3043 561 3125 quibus
584 3045 740 3106 calamitas
763 3044 821 3106 isia
844 3043 1002 3118 debeatur,
1033 3046 1096 3108 ulla
1125 3065 1164 3110 ex
1192 3053 1280 3125 parte
1302 3044 1519 3109 offendamus?
1550 3045 1670 3123 Nonne,
1697 3052 1730 3108 ut
1750 3046 1872 3125 pietate,

132 3158 255 3231 virtute,
287 3166 380 3235 metu,
411 3161 599 3224 caerimonia
622 3161 868 3227 benevolentiam
891 3179 1000 3224 eorum
1022 3162 1113 3226 nobis
1136 3162 1348 3236 conciliemur,
1377 3168 1408 3226 et
1436 3163 1484 3225 sio
1513 3162 1645 3225 similem
1676 3161 1872 3225 miseriama

132 3273 223 3337 nohis
246 3273 475 3356 deprecemurl
509 3311 546 3322 -
582 3278 681 3342 Belle!
717 3279 758 3342 ht
789 3278 870 3341 enim
901 3296 978 3344 vero
1001 3278 1144 3342 Herculis
1175 3279 1347 3361 exemplum
1376 3278 1550 3342 luculenter
1579 3277 1672 3343 docet
1692 3297 1732 3342 ne
1755 3295 1872 3342 summa

133 3390 257 3473 quidem
280 3392 409 3458 deorum
433 3396 633 3459 veneratione
657 3395 822 3478 quidquam
845 3394 968 3477 profici!
1002 3396 1079 3460 Nam
1109 3396 1370 3461 officiosissimum
1403 3395 1544 3479 proiecto
1573 3396 1767 3479 maximeque
1789 3395 1871 3477 pium

133 3507 192 3572 diis
215 3527 251 3573 se
272 3513 437 3592 praestitio
461 3514 604 3595 antiquos
626 3513 763 3578 honores
786 3514 824 3577 iis
847 3514 989 3578 restituit.
1013 3516 1107 3597 CuJus
1130 3515 1177 3578 rei
1198 3516 1286 3579 testis
1311 3522 1359 3580 cst
1380 3510 1524 3597 Lyssah:

799 3677 807 3694 .
832 3676 839 3693 .
863 3679 871 3696 .
893 3633 982 3696 θεῶν
1005 3629 1178 3713 ἀνέστησεν
1199 3636 1301 3715 μόνος

630 3749 728 3832 τιμὰς
751 3753 932 3827 πιτνόνσας
954 3747 1095 3815 ἀνοσίων
1118 3745 1250 3833 ἀνδρῶν
1271 3742 1348 3814 ὕπο.

260 3865 390 3930 Perinde
412 3873 524 3944 tamen,
553 3884 590 3930 ac
620 3866 648 3929 si
678 3866 787 3930 nescio
816 3867 898 3949 quod
928 3865 1086 3949 singulare
1113 3865 1217 3930 scelus
1240 3866 1457 3939 commisisset,
1488 3864 1693 3933 acerbissimo
1721 3865 1872 3948 supplicio

469 4018 523 4025 ...m-

238 4082 264 4151 1)
281 4086 310 4138 v.
329 4087 465 4140 saa-854
484 4085 583 4148 Musas.
601 4111 633 4121 —
653 4079 680 4149 ²)
697 4083 757 4137 Noli
776 4087 803 4136 in
822 4097 854 4138 eo
874 4084 1019 4150 offendere,
1043 4086 1173 4140 benevole
1191 4087 1285 4151 lector,
1305 4086 1375 4152 quod
1392 4085 1602 4139 misericordiam
1620 4086 1653 4138 ah
1671 4085 1784 4141 Hercule
1802 4097 1874 4139 com·

133 4171 236 4225 moveri
254 4172 378 4235 statuam,
397 4170 497 4223 metum
516 4181 571 4222 non
583 4169 655 4222 item.
673 4167 737 4222 Nam
748 4170 890 4224 Aristotele
904 4171 1010 4235 quidem
1026 4170 1117 4234 judice
1135 4182 1185 4223 nec
1203 4171 1386 4223 misericordia
1405 4171 1493 4224 metus
1511 4183 1561 4224 nec
1576 4172 1663 4224 metus
1672 4169 1873 4224 misericordiae

134 4268 229 4321 expers
248 4268 307 4310 esse
325 4257 424 4321 potest.
452 4256 483 4307 at
500 4254 738 4308 internoscendum
756 4256 799 4309 est
816 4255 887 4308 inter
904 4257 1011 4320 plenam
1029 4255 1103 4308 illam
1122 4257 1202 4321 atque
1220 4256 1366 4321 perfectam
1385 4255 1604 4321 misericordiam,
1630 4268 1698 4320 quae
1722 4256 1872 4319 interprete

133 4340 274 4404 Lessiagio
298 4342 400 4404 (uram.
418 4341 446 4393 P.
456 4342 481 4392 2.
499 4354 526 4405 p.
540 4342 590 4393 820
608 4340 650 4394 ed.
669 4340 791 4404 Lacum.)
812 4342 867 4393 tum
886 4341 993 4397 demum
1011 4341 1107 4406 oritur,
1127 4342 1173 4395 uhi
1190 4353 1226 4393 ne
1244 4340 1342 4393 similia
1359 4342 1436 4395 nohis
1454 4341 1576 4395 accidere
1594 4342 1701 4405 possint
1717 4341 1872 4406 metuimus,

133 4426 257 4490 interque
274 4427 435 4481 scintillulas
453 4426 518 4480 istas
536 4426 745 4490 misericordiae,
772 4439 840 4492 quae
865 4429 945 4491 longe
969 4427 1045 4479 abest
1070 4425 1101 4477 ut
1125 4426 1153 4476 ln
1172 4423 1290 4477 hammus
1309 4427 1459 4492 erumpant.
1484 4427 1528 4480 Sic
1545 4439 1570 4478 ν.
1590 4438 1612 4478 c.
1630 4427 1674 4478 vel
1691 4426 1872 4491 nequissimus

132 4512 222 4575 homo,
242 4522 320 4575 quem
339 4525 371 4565 ex
390 4512 463 4565 felici
481 4510 616 4564 infelicem
634 4511 747 4565 evadere
765 4513 896 4575 videmus,
914 4514 947 4564 ad
966 4510 1177 4565 misericordiam
1195 4512 1300 4563 mentes
1318 4512 1426 4565 nostras
1444 4523 1572 4565 revocare
1584 4511 1683 4576 potest.
1709 4511 1872 4576 Quamquam

133 4595 263 4661 eiusmodi
281 4596 491 4651 misericordiam
510 4608 565 4649 non
582 4579 680 4659 ἔλεον,
703 4597 751 4652 sed
777 4583 1033 4669 φιλανθρωπίαν
1055 4595 1214 4649 Aristoteles
1231 4597 1318 4653 vocat.
1349 4596 1427 4649 Varia
1450 4597 1536 4662 igitur
1553 4594 1752 4648 misericordiae
1771 4606 1873 4660 genera

133 4683 211 4748 sunt;
237 4681 392 4745 tragoediae
412 4684 501 4735 tamen
519 4682 586 4735 illud
604 4693 686 4734 unum
705 4682 842 4747 proprium
861 4683 904 4736 est
922 4682 1068 4747 etapium,
1094 4680 1166 4747 quod
1184 4683 1258 4735 metu
1280 4693 1334 4734 non
1354 4683 1435 4736 caret.
1463 4683 1553 4747 Neque
1576 4691 1639 4733 vero
1664 4692 1706 4733 me
1731 4680 1819 4744 judice
1846 4679 1873 4732 id

133 4779 219 4831 genus
238 4766 365 4820 Hercules
383 4766 542 4831 Euripidem
560 4767 695 4821 vindicare
714 4768 765 4820 sihi
784 4768 881 4832 potest.
909 4794 942 4804 -
961 4763 986 4835 ³)
1006 4767 1061 4820 vid.
1081 4767 1155 4820 chori
1173 4779 1289 4833 carmen,
1309 4780 1361 4833 quo
1380 4768 1518 4832 praeclara
1535 4766 1656 4819 Herculis
1675 4766 1747 4818 iacta
1765 4766 1811 4817 ilie
1831 4777 1873 4818 ce-

132 4851 221 4904 lebrat
238 4850 277 4914 (a.
295 4852 429 4904 siit-lli
448 4852 561 4920 niuem.)
590 4877 624 4890 -
647 4848 675 4919 ⁴)
699 4852 777 4905 illese
795 4853 903 4918 iurent,
925 4853 1014 4917 inquit
1030 4851 1187 4917 Lessingins
1213 4852 1341 4919 (deamat.
1358 4852 1387 4904 P.
1405 4853 1428 4905 ll
1445 4865 1470 4916 p.
1490 4853 1541 4905 sis
1559 4850 1599 4903 ed.
1617 4850 1744 4916 Lasiam),
1770 4850 1807 4903 ist
1825 4850 1872 4903 dns

133 4935 183 4988 auf
198 4946 250 4988 uns
267 4934 351 4990 selhst
368 4937 505 5004 bezogene
523 4937 633 4993 liitleid.
652 4937 708 4991 vid.
728 4949 795 5003 quae
814 4949 896 5002 supra
914 4934 987 5004 (cap.
1005 4936 1037 5003 ΙΙ,
1056 4938 1082 5000 §.
1104 4935 1147 5003 17)
1166 4938 1369 5003 disputavimus.
1389 4961 1421 4974 —
1440 4932 1466 5000 ³)
1485 4937 1513 4992 v.
1531 4938 1590 4992 852.
1611 4940 1661 4992 853
1679 4937 1779 5000 llusgr.
