4250 5442
1118 208 1355 281 ..13-

367 403 510 487 opinatus
531 398 624 483 αι’),
652 400 837 485 Sophoclem
869 409 1038 467 extremm
1060 403 1166 486 AJacis
1188 408 1305 485 partem
1328 409 1471 484 uuquam
1492 401 1633 465 laciniam
1655 401 1804 475 monisse,
1833 398 1927 483 idque
1948 401 2000 464 nul

276 560 278 565 .
367 521 409 587 dn
431 538 535 595 causa,
565 537 656 603 qnam
682 518 767 602 quod
795 518 927 584 fabulam
957 538 1044 584 suana
1071 521 1157 603 Juato
1186 517 1300 583 ambitu
1322 536 1431 583 carere
1453 518 1596 583 noluerit.
1632 518 1726 593 Quasi
1756 536 1854 601 opera
1881 516 1998 582 dramat

368 638 494 704 demum
516 637 599 701 omni
621 653 753 702 numero
776 635 915 717 perfecta
938 645 1045 702 essent
1067 644 1097 701 et
1118 637 1269 709 absoluta,
1297 636 1325 699 sl
1354 636 1477 719 singola
1498 635 1610 701 binare
1633 635 1725 700 millia
1748 653 1905 710 versuum,
1927 635 1998 718 qual

368 773 432 840 que
453 753 575 820 undem
598 761 715 828 essent,
739 760 851 835 poetae
873 755 968 818 multo
990 753 1107 819 sudore
1128 762 1161 819 et
1181 752 1290 819 labore
1311 753 1533 819 confecissent.
1558 788 1596 800 -
1619 754 1726 818 Altera
1748 761 1849 817 amen
1872 772 1912 817 ex
1932 760 2009 835 part

368 880 450 947 nnt,
482 873 535 955 qui
562 879 684 953 poetam
712 872 866 936 insontem
894 872 955 937 nisi
976 874 1068 956 plane
1089 890 1234 956 purgare,
1267 878 1298 935 at
1331 872 1440 936 saltem
1474 870 1701 954 quodammodo
1731 888 1884 936 excusare
1914 888 1992 935 cona

370 991 460 1057 llclut
483 989 518 1054 G.
541 989 734 1054 llermannus
762 991 971 1071 posteriorem
997 990 1120 1056 fabulae
1148 998 1266 1072 partera
1294 989 1400 1071 utique
1430 991 1640 1053 necessariam
1671 1007 1744 1054 esse
1772 988 1813 1053 ita
1844 986 2012 1053 demonstr

369 1117 405 1174 ut
425 1107 465 1172 ad
487 1125 680 1172 communem
703 1114 842 1172 veterum
865 1110 1048 1174 sententiam
1070 1113 1264 1192 provocaret,
1294 1123 1353 1187 qua
1379 1103 1470 1171 nefas
1498 1104 1660 1171 duxissent
1689 1114 1841 1170 mortuum
1870 1105 2003 1187 aliquem
2029 1073 2031 1103 Ι

373 1223 477 1287 lictum
499 1220 662 1299 dimittere,
684 1222 798 1287 nedum
821 1224 1009 1289 inhumatum
1030 1224 1198 1307 projicere.
1225 1255 1262 1269 -
1286 1223 1427 1287 Osauuas
1449 1221 1584 1307 denique
1606 1231 1776 1288 extremam
1790 1223 1896 1305 ajacis
1918 1228 2004 1304 parte

374 1341 541 1409 amariam
563 1339 698 1424 qrtidem,
729 1341 858 1407 eandem
888 1350 990 1408 umen
1012 1344 1147 1425 ineptam
1170 1360 1207 1405 ac
1228 1341 1284 1406 toti
1306 1339 1427 1405 fatuae
1450 1341 1529 1405 male
1552 1340 1812 1406 accommodatam
1836 1333 1995 1419 censet'J:

367 1460 419 1525 rei
441 1459 673 1525 narrationem
696 1459 768 1525 inde
789 1461 873 1541 petit,
897 1458 980 1544 quod
999 1460 1040 1525 ad
1062 1458 1216 1542 trilopiam
1238 1456 1421 1541 pertinuerit
1438 1456 1549 1522 fabula.
1573 1460 1659 1535 Quae
1682 1460 1784 1524 omnia
1806 1476 1897 1541 quarn
1919 1475 2017 1540 paru·

369 1576 484 1653 tetam,
503 1594 596 1641 nemo
618 1594 680 1641 uon
702 1576 796 1654 ridet,
819 1584 850 1642 et
871 1577 1032 1660 praeclare
1054 1577 1202 1659 explicuit
1223 1573 1377 1656 Gruppius
1385 1568 1422 1654 ⁴).

497 1691 529 1776 §.
551 1692 603 1758 25.
637 1694 692 1759 llis
720 1695 814 1777 igitur
842 1696 945 1760 misem
971 1715 990 1759 e
1019 1694 1176 1760 contrario
1204 1690 1419 1757 contendimus
1449 1690 1655 1773 posteriorem
1677 1692 1784 1775 Ajacis
1806 1699 1924 1774 partem
1947 1698 2016 1773 etp

368 1811 569 1879 amttciosan
591 1830 665 1876 esse
686 1819 718 1878 et
739 1831 808 1877 cum
831 1814 937 1895 priore
955 1812 1124 1877 artificiose
1137 1811 1340 1892 conjunctam.
1363 1808 1523 1883 Nimirum,
1545 1816 1578 1873 ut
1596 1811 1660 1892 jam
1673 1810 1817 1885 diximus,
1839 1809 1988 1893 iuAJacis

369 1927 565 1994 substituitur
587 1930 724 1994 Teucer:
759 1930 841 2013 quod
864 1948 926 2013 quo
945 1932 1019 2013 jure
1041 1929 1102 2003 fiat,
1136 1927 1216 1992 lraud
1238 1928 1321 1991 latet.
1356 1926 1433 1989 Nam
1466 1945 1559 2009 quum
1592 1928 1620 1992 is
1647 1946 1705 2010 pro
1734 1927 1839 1994 fratris
1869 1945 2004 2009 causap

367 2063 528 2130 quamque
549 2047 581 2110 in
603 2045 692 2111 iactis
716 2048 784 2130 ejus
806 2047 912 2129 djacis
935 2065 1022 2113 meas
1045 2045 1134 2129 quasi
1155 2045 1262 2126 spiret,
1294 2043 1386 2108 facile
1408 2043 1450 2118 tit,
1479 2051 1512 2108 ut
1533 2045 1728 2111 Telamonius
1751 2047 1926 2112 etiamnunc
1946 2063 2019 2127 pac

372 2181 430 2229 rus
451 2163 483 2227 iu
505 2164 582 2229 viris
606 2183 680 2230 esse
702 2172 733 2230 et
755 2184 905 2246 praesens
927 2163 1018 2231 nobis
1040 2181 1147 2229 coram
1169 2180 1268 2245 agere
1289 2161 1441 2225 videatur.
1472 2162 1605 2228 Perinde
1633 2181 1687 2228 res
1716 2171 1868 2247 geruntur
1890 2162 1979 2246 quasi
2020 2187 2024 2214 ι

369 2282 423 2347 ille
444 2289 548 2360 esset3
582 2300 696 2365 corpus
724 2283 849 2365 quidem
871 2285 940 2365 cJ'us
961 2283 1088 2359 interiit,
1118 2279 1238 2345 animus
1266 2295 1328 2343 non
1351 2278 1439 2342 item:
1472 2281 1566 2344 immo
1590 2281 1676 2362 riget
1696 2282 1843 2364 vivitque,
1873 2297 2024 2361 suamque

371 2417 524 2463 exercere
545 2399 658 2481 pergit.
690 2399 759 2463 lam
780 2400 874 2482 igitur
895 2399 993 2473 vidos,
1017 2399 1125 2482 quales
1147 2397 1255 2461 vicarii
1277 2403 1380 2477 partes
1403 2396 1480 2460 sint:
1513 2397 1626 2478 quippe
1659 2415 1730 2462 eum
1762 2416 1799 2463 se
1832 2396 1971 2479 praehet,
1994 2392 2022 2457 ir

373 2530 434 2595 qne
457 2531 581 2579 mam
602 2515 644 2578 ita
666 2513 813 2589 defendit,
835 2522 869 2578 ut
889 2516 957 2597 ipse
967 2515 1059 2595 Aiax,
1082 2514 1174 2579 modo
1197 2516 1229 2577 in
1250 2511 1329 2577 vivis
1352 2519 1447 2585 esset,
1470 2512 1522 2576 vix
1544 2531 1639 2578 secas
1660 2521 1779 2597 ageret
1802 2514 1868 2579 lloc
1889 2515 1988 2596 ipsum
2017 2538 2020 2564 τ

371 2646 425 2695 ras
447 2632 588 2712 postulat
617 2631 694 2695 Nam
717 2632 876 2713 praeclare
898 2630 1023 2715 quidam
1045 2631 1127 2714 Ajarr
1149 2639 1277 2696 mortem
1300 2628 1360 2693 sibi
1382 2629 1442 2711 ipsi
1464 2631 1630 2705 conscivit;
1660 2629 1742 2695 idem
1765 2638 1867 2695 mmeo
1887 2636 2001 2694 tautum

369 2754 405 2812 nt
429 2747 463 2813 ia
490 2748 646 2830 antiquum
664 2747 803 2813 doneris
825 2749 927 2814 locum
956 2748 1117 2813 restitutos
1139 2749 1189 2822 sit,
1222 2753 1265 2821 ut,
1297 2745 1480 2811 labefactata
1508 2747 1608 2811 semel
1637 2749 1706 2829 ejus
1728 2747 1887 2830 dignitate,
1920 2754 2026 2830 specta

372 2865 548 2929 edmund
569 2872 774 2945 praepostere
796 2864 836 2929 de
858 2884 897 2930 co
916 2864 1064 2948 judicent,
1087 2883 1147 2929 nec
1168 2865 1243 2928 satis
1266 2865 1390 2947 liqueat,
1419 2867 1472 2947 qut
1494 2863 1562 2927 lieri
1583 2865 1692 2946 possit,
1722 2872 1756 2929 ut
1776 2865 1938 2946 pristinum
1960 2856 2035 2928 honr

372 2986 465 3061 atque
487 2979 632 3044 amissam
655 2981 865 3045 auctoritatem
886 2989 1022 3065 reparet
1045 3014 1086 3027 -
1107 2981 1175 3045 lam
1196 2998 1274 3046 uero
1304 2988 1396 3062 poeta
1417 2980 1449 3044 id
1471 2999 1569 3064 agere
1591 2980 1742 3064 putandus
1765 2988 1823 3056 est,
1852 2988 1885 3047 ut
1905 2981 2035 3064 Ajacem

369 3094 476 3163 omnia
501 3095 580 3160 haec
607 3096 699 3178 hujus
726 3097 809 3163 vitae
842 3097 920 3163 mala
948 3105 980 3161 et
1005 3096 1200 3162 incommoda
1226 3116 1346 3180 perque
1377 3115 1486 3162 omnes
1514 3098 1708 3165 inimicorum
1736 3097 1865 3163 iusidias
1895 3097 1934 3162 ad
1955 3105 2035 3162 aeter

370 3210 504 3293 pluriam
525 3210 683 3292 perducet,
711 3221 745 3277 et
773 3213 812 3277 ad
840 3212 973 3278 divinam
995 3213 1128 3279 heroum
1149 3214 1243 3279 ueluti
1265 3213 1374 3279 sedem
1397 3213 1516 3278 evehat.
1550 3213 1639 3288 Quod
1661 3222 1694 3278 ut
1715 3212 1785 3278 lieri
1805 3214 1913 3296 possit,
1936 3233 1955 3278 e
1978 3213 2035 3277 vita

370 3323 513 3399 &cedet
525 3337 732 3405 accesserat,
753 3338 786 3396 at
803 3330 885 3396 idem
908 3350 1003 3415 quum
1026 3340 1157 3397 mortem
1178 3332 1305 3414 oppetit,
1328 3331 1463 3395 divinum
1480 3330 1632 3394 honorem
1645 3330 1784 3407 sortitur,
1806 3348 1869 3394 non
1891 3336 2023 3395 actutum

371 3445 453 3522 dem,
477 3444 538 3511 sed
560 3446 611 3521 ita,
642 3455 676 3511 ut
704 3448 804 3513 statim
826 3458 897 3531 post
918 3457 1048 3514 mortem
1071 3451 1140 3530 ejus
1163 3435 1290 3515 virtutes
1314 3449 1413 3532 magis
1436 3449 1527 3512 etiam
1550 3446 1771 3523 detrectentur,
1801 3464 1875 3512 mox
1896 3455 2008 3524 tamen,

371 3563 523 3629 moserata
545 3563 604 3629 ista
627 3571 658 3629 et
679 3564 889 3641 altercatione,
919 3584 999 3649 quae
1027 3565 1068 3630 de
1095 3567 1254 3648 sepultura
1276 3567 1384 3644 oritur,
1413 3566 1594 3647 composita,
1626 3566 1695 3648 ejus
1723 3566 1884 3631 ueneratio
1912 3566 1991 3629 miro
2019 3585 2035 3629 u

372 3686 521 3760 angeatur
543 3687 575 3743 et
596 3689 726 3746 crescat.
763 3682 842 3746 llinc
863 3700 940 3747 vero
962 3690 1054 3764 patet,
1084 3701 1140 3745 cur
1168 3681 1271 3747 fabula
1300 3690 1399 3746 morte
1420 3681 1526 3763 Ajacis
1549 3681 1708 3745 terminari
1730 3690 1911 3765 nequeatur.
1945 3681 2022 3746 Nam

372 3810 500 3875 quaeso,
523 3793 635 3859 l'encri
658 3803 688 3860 et
709 3796 885 3862 Atridarum
907 3798 977 3861 lites
1000 3805 1092 3880 poeta
1111 3799 1266 3863 inseruit?
1299 3799 1430 3882 Duplici,
1459 3800 1492 3862 ni
1513 3798 1614 3873 fallor,
1638 3799 1787 3865 consilio:
1811 3801 2035 3883 primum,ut1

365 3916 440 3975 turs
461 3928 553 3977 suum
571 3913 624 3994 Jus
645 3912 887 3995 adipiscendum
911 3913 1034 3991 deinde,
1057 3914 1089 3979 id
1111 3916 1195 3997 quod
1208 3916 1436 3999 -graviastmum
1459 3922 1516 3991 est,
1539 3923 1572 3978 ut
1586 3915 1792 3992 Telamonius,
1816 3935 1878 3999 quo
1901 3916 1999 3998 magis
2022 3932 2035 3978 a

371 4027 510 4092 elevatus
531 4037 620 4093 esset
640 4038 732 4113 atque
754 4039 937 4107 contemtus,
961 4048 1000 4094 eo
1023 4030 1122 4112 pluris
1144 4041 1252 4114 postea
1276 4033 1501 4097 aestimaretur.
1534 4032 1581 4096 Ac
1603 4032 1745 4113 profecto
1767 4052 1921 4117 prospere
1942 4050 1995 4097 res
2018 4050 2035 4095 c

361 4153 491 4229 poetae.
513 4146 676 4211 Praeclare
697 4147 878 4232 dignitatem
900 4166 987 4213 suam
1008 4157 1173 4231 recuperat
1194 4150 1293 4234 Ajax;
1324 4149 1509 4232 deprecatur
1531 4168 1588 4232 pro
1612 4168 1662 4226 eo,
1685 4152 1738 4234 qni
1759 4152 1860 4216 adhuc
1881 4150 2035 4215 inimiciss

600 4299 756 4308 ...μα-...ω-

475 4360 499 4430 1)
518 4363 556 4417 ιι
574 4364 655 4417 Arist.
674 4367 746 4429 poet.
764 4366 794 4431 x,
811 4369 837 4420 ι.
861 4394 896 4405 —-
918 4368 958 4421 cf.
977 4368 1083 4433 lancos,
1108 4368 1230 4424 Nacntrr.
1249 4384 1282 4425 zu
1301 4373 1453 4439 soluerit,
1474 4373 1497 4437 t,
1517 4372 1574 4426 117.
1598 4400 1633 4410 -
1655 4373 1808 4438 Ιιοιιιειοιι,
1832 4372 1937 4427 theatra
1955 4374 2002 4428 des
2022 4375 2035 4428 t

369 4447 436 4501 lom
454 4449 484 4502 ll.
502 4458 530 4513 p.
549 4451 609 4504 ιιι.
637 4476 671 4486 -
697 4442 722 4516 ²)
740 4449 842 4504 Novlas.
861 4451 929 4516 tiso.
948 4455 1012 4507 edit.
1032 4466 1058 4517 p.
1080 4456 1141 4508 tot:
1166 4455 1240 4511 Hauc
1263 4459 1414 4512 oraticnem
1438 4458 1523 4523 atacis
1546 4456 1713 4521 (ιιι-ιιι)
1736 4459 1839 4523 partem
1857 4457 1937 4523 holos
1956 4462 2034 4525 trago

371 4540 432 4585 etse
450 4533 700 4600 splendidissimam,
719 4535 797 4588 extra
815 4536 1011 4591 dubitationem
1029 4539 1147 4603 positum
1165 4542 1216 4594 est.
1234 4542 1389 4606 cujusmodi
1406 4553 1489 4596 scena
1507 4543 1559 4595 etsi
1576 4541 1649 4595 lintri
1667 4543 1784 4596 moutam
1802 4553 1858 4596 uon
1876 4544 2013 4598 illibenter

370 4616 462 4669 tamea
477 4617 511 4670 td⁴
524 4618 553 4671 in
570 4619 622 4672 troc
638 4620 746 4685 quidem
764 4622 924 4685 argumento
942 4620 1002 4676 deri
1020 4634 1075 4676 non
1094 4625 1214 4686 potuisse
1232 4627 1356 4690 apertum
1374 4630 1426 4681 est.
1454 4628 1519 4680 Nem
1536 4639 1625 4692 neque
1643 4628 1745 4680 luctum
1763 4627 1853 4680 omlttl
1871 4628 2035 4683 consuetudo

369 4700 468 4766 manae
484 4703 554 4756 ralla
572 4704 671 4758 remia
689 4706 845 4770 tragoediae
863 4707 976 4772 patitur,
999 4720 1090 4773 nepae
1113 4718 1211 4773 corpus
1229 4712 1328 4764 mortni
1347 4712 1375 4765 iu
1400 4713 1534 4777 pcmstnte
1556 4712 1675 4765 nostiam
1693 4711 1809 4777 relinqui
1828 4712 1871 4766 ras
1888 4716 1939 4768 est.
1964 4739 1998 4751 ·-
2024 4709 2035 4745 ³

368 4784 471 4927 ιιιὲιθιὲ,
488 4787 557 4841 liter
573 4789 621 4845 dea
636 4791 784 4856 sopnmtes
802 4791 870 4857 ttae.
890 4791 955 4848 Eine
969 4793 1037 4847 lrrtt.
1056 4794 1266 4860 cummanum
1283 4797 1332 4850 mit
1350 4799 1365 4850 ι
1384 4797 1520 4862 narragam
1546 4797 1644 4862 nerito,
1663 4796 1777 4853 immet.
1797 4799 1871 4854 teto.
1890 4825 1924 4836 -
1939 4793 1967 4864 ⁴)
1985 4797 2035 4852 tri

372 4882 399 4935 p.
485 4883 544 4939 sqq.
