4250 5442
1110 204 1346 279 ..35„

359 402 480 467 l’rodlol
501 400 533 466 ln
555 419 593 466 ea
615 418 713 484 aegre
729 398 933 478 desideraret,
955 397 987 463 ln
1001 397 1132 465 Alcidae
1153 414 1318 480 personam
1340 407 1373 464 ut
1391 399 1477 482 justo
1495 398 1690 463 humiliorem
1713 417 1749 463 ac
1768 399 1855 464 lovis
1869 400 1932 464 lilio
1945 401 2043 486 indigi

359 492 485 584 fulmina
508 536 564 582 sua
583 517 669 600 jecit,
700 517 795 600 inque
817 515 1004 599 cognomine
1025 534 1083 581 sua
1106 515 1208 581 fabula
1231 515 1341 579 summi
1362 514 1470 579 herois
1493 512 1710 580 sublimitatem
1733 516 1764 580 ei
1786 516 1970 581 conciliavit.
2005 519 2043 594 Qt

359 653 450 718 quarn
479 635 570 717 plana
599 650 674 697 vera
700 632 843 697 Herculis
874 632 920 695 vis
949 638 980 695 et
1007 632 1129 697 indoles
1152 631 1329 706 fefellerint,
1359 632 1460 714 quiuis
1482 648 1562 695 unus
1584 630 1676 696 videt.
1711 634 1752 697 At
1773 633 2019 717 quotusquisque

358 751 550 835 temporibus
573 749 639 829 iuit,
663 750 716 833 qui
738 750 853 814 rectius
872 748 1045 831 judicaret?
1068 751 1187 833 Quippe
1210 747 1365 824 carebant,
1387 745 1471 811 unde
1493 746 1624 811 meliora
1648 747 1870 824 edocerentur,
1894 767 1953 812 neo
1976 746 2044 813 dub:

360 877 417 944 est,
441 869 524 952 quin,
548 868 576 931 ai
598 865 739 931 scholion
751 865 929 930 Vaticanum
952 885 1149 949 cognoscere
1162 865 1325 931 Wielando
1347 863 1539 947 contigisset,
1563 882 1693 946 prorsus
1716 864 1805 930 aliter
1828 867 2044 932 existimasset.

359 987 456 1052 Nobis
479 993 596 1064 contra,
620 984 731 1069 quibus
753 984 893 1049 scholion
915 985 989 1048 illud
1012 985 1129 1050 rectius
1147 980 1306 1068 judicandi
1327 999 1432 1046 ansam
1447 980 1587 1063 praebet
1610 980 1817 1047 confitendum
1840 982 2044 1066 eritlluripid.

359 1112 392 1168 ut
414 1104 466 1186 qui
488 1104 548 1167 nisi
569 1120 682 1166 norum
705 1099 877 1165 fabularum
900 1119 1001 1183 genus
1024 1100 1172 1176 condere,
1205 1107 1235 1165 at
1264 1105 1351 1163 certe
1380 1100 1411 1161 iu
1436 1116 1473 1163 re
1500 1097 1624 1164 scenica
1646 1097 1762 1183 aliquid
1783 1116 1901 1164 novare
1922 1101 2025 1179 uellet,

360 1221 466 1286 dacter
488 1218 622 1305 quidem,
654 1217 711 1283 aad
740 1218 936 1283 considerate
963 1226 1066 1287 amaa
1096 1237 1156 1283 nec
1177 1220 1246 1285 siue
1268 1235 1379 1299 magna
1402 1216 1530 1301 quadam
1554 1223 1620 1281 arte
1642 1234 1722 1281 noua
1744 1216 1876 1281 necdum
1898 1218 2006 1283 usitata
2029 1239 2044 1283 a

359 1337 429 1401 ficia
461 1335 639 1401 adhibuisse
671 1334 835 1417 eidemque
859 1335 1019 1417 praeclare
1040 1336 1221 1418 contigisse,
1256 1335 1339 1419 quod
1366 1335 1467 1399 anino
1490 1335 1697 1417 proposuerit,
1728 1343 1763 1399 ut
1792 1333 1960 1400 dramatum
1989 1345 2045 1420 sat*¹

361 1472 476 1532 corum,
505 1471 584 1536 quae
603 1452 728 1534 jamjam
752 1450 990 1530 obsolevissent,
1021 1452 1220 1516 abolitionem
1248 1452 1299 1518 val
1327 1454 1429 1536 potius
1459 1451 1672 1516 detrimentum
1703 1451 1775 1514 inde
1797 1460 1900 1517 natum
1922 1455 2045 1518 recenti

360 1569 591 1635 oblectamentis
614 1575 830 1651 compensaret
851 1567 1086 1652 auditorumque
1108 1569 1227 1633 animos
1250 1587 1267 1632 a
1290 1569 1431 1634 cothurni
1453 1569 1620 1635 severitate
1643 1566 1681 1632 ad
1704 1568 1790 1634 socci
1812 1568 1966 1635 levitatem
1983 1591 2045 1637 sen:

364 1707 400 1751 ac
420 1685 609 1769 pedetentim
633 1684 821 1751 deflecteret.
