4250 5442
906 198 1144 275 „12-

156 399 339 482 praesertim
360 399 392 461 in
414 416 449 462 re
472 396 600 474 lubrica,
629 394 834 461 confidentius
856 402 908 460 aut
929 393 1008 461 adeo
1030 395 1227 478 arrogantius
1246 393 1433 478 judicemus,
1462 410 1524 462 reu
1546 395 1671 461 ousiae
1693 402 1790 463 artem
1812 394 1893 461 ariti-

156 533 222 580 cam
244 512 428 581 immodeste
450 520 502 578 ant
521 513 694 577 insolenter
716 528 929 577 exerceamus.

283 628 313 713 §.
336 628 387 695 23.
416 631 483 695 Jam
510 629 558 695 his
586 628 767 711 praemissis
789 628 961 695 accuratius
983 628 1023 695 de
1045 629 1205 696 Alcestide
1227 629 1395 696 videamus.
1429 634 1462 697 ln
1490 653 1550 717 qua
1580 630 1774 717 dijudicanda
1801 646 1894 712 mum

155 748 191 812 V.
214 748 257 813 cl.
289 747 458 812 Firnlraber
491 746 715 828 longissimae
747 763 823 809 vero
852 744 966 811 abesse
987 746 1137 823 videatur,
1172 749 1263 830 hujus
1292 750 1474 814 sententiam
1507 753 1640 832 primum
1667 751 1894 831 impugnem.

156 868 269 932 Censet
289 884 366 930 vero
378 863 403 942 ¹)
424 865 564 929 Alcestin
586 883 642 929 sua
664 871 785 946 sponte,
808 863 828 927 i.
851 881 880 927 e.
903 863 1015 928 nulllus
1038 865 1180 947 impulsu,
1202 866 1296 929 immo
1319 865 1414 930 invito
1435 866 1568 932 Admeto
1590 886 1627 932 se
1648 865 1826 938 devovisse,
1848 865 1894 927 in·

153 983 258 1067 deque
279 984 358 1057 deri,
392 990 426 1047 ut
458 989 488 1049 et
514 983 583 1063 ipse
605 980 755 1047 Admetus
777 981 896 1062 tragica
917 998 1052 1062 persona
1075 982 1201 1057 evadam
1234 1002 1324 1066 quana
1359 985 1439 1048 enim
1472 986 1504 1048 in
1530 984 1638 1067 priore
1665 982 1787 1049 fabulae
1808 987 1895 1064 parte

156 1108 349 1183 spectatores
370 1098 520 1165 Alcestidi
543 1098 751 1181 praestiterint
771 1095 1030 1175 benevolentiam,
1060 1122 1129 1167 eam
1161 1120 1284 1167 omnem
1312 1111 1383 1184 post
1404 1103 1542 1168 heroidis
1564 1110 1696 1168 mortem
1718 1100 1757 1166 ad
1778 1099 1894 1165 Adme-

154 1227 218 1283 lum
239 1216 416 1283 redundare
424 1212 461 1297 ²).
491 1216 580 1282 lluno
599 1216 705 1299 igitur,
733 1215 849 1298 quippe
876 1216 931 1298 qui
952 1223 1056 1298 partes
1080 1215 1118 1280 ab
1139 1236 1239 1283 uxore
1262 1219 1404 1285 desertas
1426 1222 1582 1304 suscipiat,
1612 1222 1681 1303 ejus
1704 1219 1793 1302 quasi
1813 1217 1895 1281 dca-

155 1337 233 1400 rium
256 1334 513 1400 haherevidetur.
537 1334 562 1397 Ε
585 1333 687 1398 medio
709 1334 810 1411 (haec,
832 1334 864 1396 ni
886 1332 987 1408 fallor,
1009 1336 1162 1399 sententia
1184 1336 1365 1402 Firnhabcri
1388 1341 1448 1413 est)
1467 1338 1582 1403 tollitur
1605 1333 1894 1422 πρωταγωνιστής,

156 1454 248 1537 idque
271 1454 302 1517 in
324 1455 429 1536 priore
451 1451 574 1517 fabulae
596 1459 703 1534 parte;
734 1452 794 1514 alia
816 1451 847 1516 ei
868 1451 1009 1516 succedit
1030 1470 1180 1533 persona;
1210 1454 1288 1517 haec
1309 1454 1340 1518 in
1362 1455 1538 1535 posteriore
1560 1461 1647 1536 parte
1670 1451 1781 1517 eodem
1803 1448 1895 1515 modo

155 1588 230 1653 prae
253 1571 367 1634 ceteris
391 1569 503 1634 eminet
526 1587 587 1651 quo
609 1569 641 1632 in
663 1560 769 1650 priore
792 1586 839 1646 ea,
862 1568 913 1632 cui
935 1569 1098 1633 successit.
1123 1604 1161 1614 —
1185 1570 1401 1645 Quaerendum
1424 1580 1473 1636 est
1493 1572 1602 1656 igitur:
1630 1570 1773 1653 pomum,
1794 1575 1895 1632 utrum

155 1688 239 1753 salva
260 1687 421 1771 tragoedia
444 1687 513 1751 fieri
535 1688 642 1769 possit,
676 1704 788 1763 aunon,
821 1694 855 1751 ut
885 1693 992 1768 partas
1024 1692 1304 1770 commoriendo
1338 1687 1376 1752 ab
1409 1689 1506 1753 altera
1536 1706 1669 1771 persona
1702 1685 1740 1750 ad
1768 1685 1895 1749 alteram

154 1803 400 1869 transferantur?
422 1803 545 1882 deinde,
569 1805 596 1868 si
618 1804 726 1887 possit,
749 1821 810 1886 qua
833 1802 1009 1868 conditione
1031 1819 1068 1864 ac
1090 1802 1162 1884 lege
1184 1801 1216 1865 id
1238 1803 1351 1868 licenti
1373 1803 1516 1888 denique,
1539 1823 1612 1869 num
1635 1803 1706 1867 huic
1727 1800 1896 1867 conditioni

154 1923 186 1985 in
208 1920 366 1985 Alcestide
388 1920 577 1986 satisfactum
600 1919 660 1985 siti
689 1920 824 1985 Postulat
845 1928 947 1985 autem
968 1928 1077 1985 natura
1100 1919 1302 2000 quaestionis,
1330 1929 1363 1986 ut
1392 1922 1542 2004 exemplis
1563 1929 1695 1986 ummur.
1727 1918 1845 2001 ltaque,
1868 1917 1897 1980 si

153 2038 202 2102 ias
225 2044 273 2103 est
294 2037 523 2103 diversissimas
545 2036 664 2103 labaim
686 2037 767 2102 inter
788 2054 825 2101 se
847 2036 1004 2114 conferre,
1026 2034 1067 2099 de
1087 2036 1185 2118 Ajace
1202 2036 1370 2112 uideamus.
1394 2040 1494 2123 cujus,
1516 2040 1545 2103 si
1566 2054 1641 2103 vera
1662 2035 1787 2119 protudit
1807 2034 1896 2097 Firu-

154 2154 260 2233 haber,
282 2155 474 2239 aliquatenus
496 2154 606 2220 eadem
628 2153 697 2219 iere
718 2155 798 2218 ratio
821 2161 870 2219 est
890 2161 983 2237 alque
1003 2152 1182 2219 Alcestidis.
1210 2186 1252 2199 -
1284 2154 1364 2230 Quid
1385 2154 1448 2220 itai
1477 2157 1604 2222 Scilicet
1624 2156 1655 2219 in
1676 2153 1783 2236 priora
1804 2150 1896 2233 nujus

155 2271 277 2337 tabulae
304 2279 393 2353 parte
419 2272 501 2354 Aiax
530 2270 731 2336 voluntariam
761 2277 892 2335 mortem
919 2268 979 2334 silti
1000 2268 1182 2344 cometem
1217 2272 1372 2351 posterior
1403 2288 1475 2353 pars
1507 2272 1606 2354 prima
1632 2286 1769 2352 porsena
1800 2273 1896 2331 caret.

155 2390 247 2457 caret
267 2389 390 2453 nummi
423 2388 518 2453 lmrno
541 2396 601 2453 um
623 2406 730 2471 parum
753 2406 791 2452 ea
813 2363 903 2470 eget}
926 2394 962 2452 ut
990 2403 1047 2469 pro
1082 2385 1228 2452 defuncto
1257 2389 1356 2471 Ajace
1387 2390 1509 2454 Teucer
1537 2387 1749 2454 substituatur.
1781 2386 1896 2451 uam

155 2501 360 2571 confitendum
388 2511 437 2567 est
468 2520 508 2568 ne
538 2503 570 2567 in
592 2504 770 2585 posteriore
792 2500 917 2585 quidem
939 2501 1046 2584 Aiacis
1069 2511 1156 2585 parte
1178 2504 1268 2586 leges
1290 2505 1425 2587 tragicas
1448 2524 1520 2571 esse
1543 2506 1681 2579 violatas,
1711 2502 1786 2586 quin
1807 2478 1896 2569 aaa

155 2628 186 2687 et
207 2621 318 2706 φόβον
340 2636 478 2685 summos
501 2619 572 2683 inde
596 2619 725 2701 concipi
750 2617 892 2693 Quidum,
915 2619 1058 2700 quaesoi
1086 2625 1136 2683 An
1158 2620 1230 2683 inde
1253 2623 1476 2702 concipiuntur,
1507 2622 1590 2704 quod
1612 2622 1733 2684 Teucer
1754 2625 1788 2683 at
1808 2616 1895 2700 Ajeu

155 2743 305 2819 cognatus
328 2734 573 2799 misericordiam
596 2731 791 2798 commoueti
813 2732 947 2798 Minime.
970 2733 1072 2799 Nihilo
1094 2742 1197 2799 umen
1213 2737 1317 2801 seciam
1341 2747 1480 2803 extrema
1502 2738 1608 2821 Ajaois
1630 2755 1702 2821 pars
1723 2736 1815 2818 plone
1834 2741 1891 2796 tra·

152 2853 225 2935 pica
247 2858 305 2928 est,
328 2857 489 2934 artemque
511 2850 715 2933 Sophocleum
737 2851 844 2933 utique
868 2847 969 2915 decet.
997 2850 1059 2916 Sed
1081 2852 1259 2936 priusquam
1281 2852 1322 2919 de
1343 2854 1391 2918 his
1413 2855 1541 2920 strictim
1562 2855 1764 2938 explicamus.
1795 2850 1836 2916 ds
1853 2847 1892 2912 iia

155 2966 320 3035 uidendam
343 2975 401 3042 est,
424 2968 477 3052 qui
499 2967 539 3033 de
560 2969 658 3033 altera
678 2967 737 3032 hac
759 2966 864 3047 Ajacis
885 2975 973 3048 parte
995 2971 1096 3034 minus
1119 2989 1219 3051 aeque
1236 2970 1424 3053 judicarunt.

282 3097 313 3182 ἓ.
336 3095 387 3164 24
410 3101 660 3177 scammonia,
695 3100 747 3183 qui
769 3099 977 3180 opinarentur,
1006 3109 1077 3180 post
1104 3110 1234 3167 mortem
1264 3104 1370 3185 Ajaois
1390 3104 1467 3167 nihil
1488 3104 1618 3185 amplius
1641 3101 1824 3175 desiderari,
1850 3108 1895 3174 at,

156 3235 361 3302 quaecunque
381 3225 559 3301 sequantur,
583 3236 620 3282 aa
642 3216 729 3281 arida
751 3234 825 3281 esse
847 3223 940 3298 atque
958 3216 1084 3299 J'ejuna;
1107 3219 1226 3284 melias
1239 3221 1334 3302 igitar
1356 3219 1441 3303 (quis
1458 3219 1564 3284 credat
1572 3220 1601 3300 i)
1623 3219 1774 3284 isaurum
1796 3216 1897 3282 luisse

157 3343 289 3419 poetam,
310 3336 339 3400 si
361 3343 435 3416 post
454 3352 579 3400 scenam
601 3334 693 3410 illam,
716 3316 776 3396 ubi
791 3334 872 3414 Ajax
893 3332 983 3396 morti
1005 3334 1194 3409 succumbat,
1223 3336 1316 3417 plane
1337 3336 1415 3399 nihil
1437 3335 1605 3402 addidisset
1628 3338 1833 3418 uicissetque,
1856 3350 1897 3396 ne

158 3469 289 3534 pannum
310 3460 372 3517 mm
393 3459 518 3517 tenuem
538 3458 692 3516 assueret.
724 3449 821 3531 inque
849 3448 956 3530 primis
977 3450 1037 3513 hue
1058 3452 1193 3533 pertinet
1214 3451 1398 3525 Lobeckius,
1426 3454 1481 3534 qni
1501 3447 1631 3531 haec⁸):
1668 3450 1750 3528 „Sed
1772 3466 1898 3514 carmen

149 3576 240 3646 .‚,tam
262 3566 455 3650 splendidum
478 3575 510 3632 et
531 3566 766 3650 adeoupcytado
789 3584 830 3629 ex
852 3565 992 3630 manibus
1015 3568 1157 3631 amitere
1179 3585 1391 3649 conposuere,
1413 3569 1487 3652 quin
1508 3568 1676 3651 producam
1697 3568 1782 3631 relat
1802 3566 1899 3650 epiti-

159 3686 324 3762 „tharisma
345 3693 416 3767 post
437 3683 571 3749 febunm
593 3701 641 3757 ea,
670 3701 751 3765 qnae
779 3681 819 3746 de
847 3681 954 3763 Aiacis
984 3692 1084 3748 morte
1110 3683 1233 3765 prodita
1255 3685 1398 3767 legimns,
1429 3704 1509 3768 quae
1538 3685 1653 3749 utinam
1674 3691 1816 3748 aaaron
1833 3691 1899 3747 tec·

159 3804 329 3881 „minasset
350 3819 484 3867 carmen.
519 3801 602 3865 Inest
631 3801 713 3865 enim
741 3800 773 3862 in
804 3800 862 3864 hac
889 3808 1047 3882 postrema
1069 3799 1190 3864 fabulae
1212 3808 1300 3882 parte
1322 3821 1349 3866 a.
1372 3821 1401 3866 v.
1427 3798 1519 3866 tolo.
1545 3800 1706 3884 usquead
1729 3801 1897 3865 clausulam

158 3928 261 3999 „tanta
283 3921 426 3993 tennitas,
457 3925 495 3983 ut
519 3936 598 3982 cum
621 3917 755 3999 Ajaeis
779 3924 903 3981 morte
925 3917 1006 3998 ipsa
1029 3918 1138 3981 etiam
1160 3916 1285 3982 fabula
1308 3918 1503 4000 exstingui
1526 3917 1711 3982 videatur.
1742 3918 1845 4000 Atque
1867 3917 1898 3979 iu

159 4038 240 4115 „hoc
261 4035 386 4121 quidem
410 4036 513 4099 vitium
536 4034 649 4099 crebro
671 4032 774 4098 delabi
796 4033 992 4115 Sophoclem,
1023 4040 1074 4097 aut
1096 4032 1252 4098 exhaustis
1283 4035 1425 4099 omuibus
1447 4041 1500 4098 aut
1520 4053 1581 4098 nou
1602 4033 1807 4118 aequabiliter
1828 4050 1897 4116 pan-

22 4158 23 4165 ’
160 4155 243 4232 „aitis
263 4153 432 4226 coloribus,
460 4152 525 4233 jam
554 4151 744 4234 antiquiores
766 4151 811 4214 illi
832 4153 906 4215 artis
929 4151 1071 4233 poeticae
1094 4150 1317 4233 disceptatores
1340 4150 1652 4216 animadverternut“
1682 4182 1726 4197 -
1753 4150 1800 4213 En
1826 4167 1898 4234 gra

160 4269 284 4334 sissima
305 4269 417 4334 summi
438 4274 549 4350 poetae
572 4268 742 4332 accusatio!
774 4268 843 4341 Qua
870 4265 996 4348 quidem
1023 4285 1084 4332 nec
1105 4268 1157 4332 alii
1183 4263 1439 4350 abstinuerunt.⁴)
1470 4268 1570 4344 Ouidi
1603 4268 1686 4351 quod
1714 4267 1898 4350 lyrnesus

169 4433 218 4441 0-
467 4431 553 4438 ...⁴—

264 4518 290 4585 1)
307 4522 364 4575 tid.
382 4535 488 4577 censor.
507 4520 705 4575 dissertationis
723 4518 881 4573 tilamianae
898 4520 942 4574 in:
961 4518 1091 4575 zelmchr.
1108 4520 1154 4574 lar
1172 4519 1409 4575 Altertnnmswiss.
1429 4521 1504 4576 1837.
1522 4521 1617 4585 plia.
1638 4544 1670 4557 -
1688 4514 1712 4580 'l
1729 4518 1794 4571 loid.
1812 4520 1899 4584 pila

159 4608 238 4663 inin:
266 4606 318 4659 llus
336 4606 437 4660 llltleid
455 4608 502 4661 der
520 4606 640 4658 Zunorer
658 4604 726 4657 wird
744 4603 796 4658 ani
811 4606 858 4658 lun
877 4604 947 4660 elren
965 4617 995 4658 so
1014 4606 1134 4670 salonit,
1160 4605 1210 4659 wie
1235 4605 1323 4659 neuen
1348 4605 1395 4659 der
1417 4606 1550 4667 Polyxena
1574 4605 1604 4658 ln
1628 4604 1675 4658 der
1699 4603 1806 4657 Hecuba
1829 4604 1899 4656 neclr

160 4704 252 4760 genus
270 4690 540 4745 Bedaaernswertnes
559 4689 604 4743 fur
623 4688 666 4742 die
685 4689 791 4743 Hecuba
809 4689 889 4755 dorla
907 4690 999 4744 olslot.
1017 4718 1051 4727 -—
1071 4686 1097 4754 ³)
1113 4690 1152 4743 Ad
1169 4690 1239 4754 Alae.
1259 4703 1282 4748 r.
1302 4693 1361 4745 sot.
1381 4690 1438 4743 vid.
1457 4689 1521 4743 edit.
1540 4688 1594 4743 tab.
1613 4691 1709 4753 paor.
1727 4715 1761 4726 —-
1778 4684 1803 4754 4)
1821 4688 1900 4742 Velut

28 4844 29 4847 Ἴ
158 4779 243 4843 Raptn
261 4775 427 4840 (relectione
444 4787 491 4829 sur
507 4777 534 4829 la
553 4774 678 4841 poetique
697 4786 724 4838 p.
745 4775 814 4841 too),
838 4787 919 4840 quem
937 4774 1071 4841 Graupius
1089 4775 1190 4841 laudat,
1215 4775 1386 4841 quiquidem
1404 4773 1580 4838 posteriorem
1599 4773 1683 4837 Aiacis
1699 4775 1803 4839 partem
1823 4782 1899 4827 can·

162 4862 330 4916 testation
348 4859 460 4913 iroide
479 4862 511 4914 et
529 4860 778 4925 languissaute
797 4862 945 4926 nuncupat.
