4250 5442
1119 250 1358 323 ..25-.

493 440 523 525 ἓ.
546 439 598 509 40.
633 444 798 527 Fingamus
822 444 913 517 euim,
947 443 1087 507 Alcestin
1119 445 1217 508 mariti
1247 443 1402 508 desideria
1430 445 1634 525 praevenisse
1657 445 1822 527 subitoque
1845 445 2014 508 consilioa

363 563 408 629 ita
430 562 486 636 vis,
520 561 739 653 celerianum
767 569 850 625 motu
879 578 935 641 pro
965 578 1003 625 eo
1035 569 1164 625 mortem
1188 561 1375 626 occumbere
1398 561 1620 635 constituisse;·
1647 563 1718 625 item
1741 581 1899 643 ponamus,
1930 562 2019 624 Euri

366 679 502 761 mytlrnm
525 697 623 751 suum,
655 696 747 762 quem
770 686 888 754 vocant,
919 679 951 740 in
980 678 1061 742 bunc
1092 678 1215 741 modum
1238 681 1427 743 immutasse.
1462 678 1540 753 Ouid
1562 679 1662 743 verot
1693 679 1802 742 Nonne
1830 680 1891 743 talc
1920 678 1993 760 quid

366 797 468 878 potius
491 795 591 872 decet,
615 803 647 860 et
667 814 724 859 eos
747 794 957 860 fortissimosi
978 796 1273 879 NonneAntigonas
1290 798 1402 878 potius,
1425 814 1527 860 noune
1541 796 1702 872 Macarius,
1725 804 1757 860 et
1777 798 1805 859 si
1826 816 1907 879 quae
1929 797 2008 859 aliae

367 932 443 997 quas
465 922 499 978 ut
521 914 673 977 masculas
696 921 748 977 aut
768 914 929 996 viragines
949 921 1061 995 poetae
1084 914 1304 978 celebrarunt?
1333 914 1456 978 Scilicet
1478 914 1640 977 mulierum
1664 920 1713 977 est
1734 915 1900 995 quiescere
1923 921 1954 977 et
1974 922 2023 994 pat

366 1039 454 1096 carta
475 1039 539 1096 tum
561 1031 683 1097 demum
706 1050 813 1115 agere,
836 1032 890 1097 ubi
912 1034 1084 1097 necessitas
1104 1039 1212 1115 urget3
1236 1032 1373 1095 virorum
1396 1037 1503 1094 contra
1525 1039 1574 1094 est
1596 1038 1627 1094 et
1640 1031 1812 1112 viraginum
1834 1048 1896 1093 uon
1911 1031 2014 1093 occasi

365 1147 481 1232 agendi
502 1157 696 1230 exspectare,
719 1149 776 1214 sed
798 1150 880 1214 ultro
901 1168 954 1214 res
978 1148 1110 1233 a'ggredi
1132 1168 1191 1213 neo
1213 1150 1314 1214 alieno
1331 1148 1582 1230 impulsuagere.
1606 1148 1655 1212 Ad
1677 1149 1764 1229 prius
1787 1156 1888 1211 autem
1911 1148 1984 1211 illud
2007 1167 2027 1228 g

364 1267 500 1349 pertinet
520 1266 655 1331 Alcestis
677 1275 792 1331 nostra.
816 1267 925 1351 Neque
948 1269 1030 1331 enim
1054 1269 1223 1332 masculum
1246 1268 1315 1349 ejus
1338 1266 1496 1347 ingenium
1519 1262 1615 1345 est¹);
1644 1284 1706 1328 non
1729 1283 1784 1329 sua
1807 1272 1917 1348 sponte
1939 1265 2017 1346 agit3

367 1391 486 1448 tamaro
514 1383 624 1449 alionis
654 1384 751 1451 rebus
778 1404 850 1450 sese
872 1386 1033 1449 immiscet.
1066 1386 1240 1449 lmmovero
1264 1402 1354 1467 quarn
1378 1384 1490 1459 mitem,
1520 1401 1610 1465 quam
1632 1382 1793 1463 placidam,
1823 1402 1913 1464 quam
1942 1382 2031 1462 patie

368 1520 437 1567 cam
459 1518 534 1567 esse
555 1501 708 1566 dicamus!
742 1503 831 1568 lnitio
864 1504 996 1586 quiescit
1028 1511 1059 1569 et
1080 1504 1206 1584 petitum
1240 1499 1452 1565 incredibilem
1485 1499 1626 1564 dolorem
1649 1502 1730 1582 capit
1752 1519 1792 1565 ex
1812 1500 1983 1576 immatura,
2023 1525 2033 1560 r

365 1625 458 1701 putat,
482 1619 627 1701 conjugis
648 1626 763 1693 morte;
787 1621 929 1684 lacrimas
951 1620 1102 1702 reprimit,
1125 1626 1218 1701 alque
1239 1619 1318 1683 silet.
1342 1619 1416 1681 lum
1440 1616 1573 1691 demum,
1595 1615 1648 1680 ubi
1671 1619 1768 1682 ceteri
1791 1636 1899 1682 omnes
1915 1618 2031 1681 vitaed

363 1736 482 1800 tionem
505 1735 721 1814 detrectarunt,
754 1755 857 1820 neque
879 1738 993 1821 conjux
1015 1738 1084 1818 ipse
1106 1736 1251 1819 precibus
1275 1753 1342 1798 eam
1365 1734 1452 1798 adire
1474 1734 1603 1815 amplius
1627 1730 1797 1814 veretur²),
1827 1736 1858 1798 in
1885 1734 1981 1799 verba
2004 1754 2021 1797 e

365 1854 419 1934 pit,
441 1861 474 1917 ot
494 1852 533 1917 ad
556 1861 684 1918 mortem
709 1854 911 1936 oppetendam
935 1862 1069 1937 paratum
1092 1872 1129 1918 sa
1151 1871 1224 1918 esse
1246 1851 1371 1915 disertis
1393 1849 1499 1913 verbis
1520 1849 1690 1931 profitetur.
1724 1850 1827 1926 Ouidi
1857 1850 1940 1933 quod
1962 1836 2014 1914 vel

367 1970 435 2052 ejus
467 1969 616 2050 splendor
642 1972 792 2054 augescit,
824 1971 906 2054 quod
935 1972 1033 2036 ceteri
1059 1971 1206 2052 precibus
1234 1969 1357 2035 Admeti
1388 1968 1508 2042 desunt,
1540 1968 1618 2031 haec
1647 1986 1707 2032 una
1731 1969 1947 2051 morigeratur.
1980 1969 2026 2032 Na
2035 1961 2048 2060 1

366 2085 466 2150 statim
496 2085 535 2149 sb
564 2086 650 2150 initio
681 2087 773 2151 vitam
805 2106 891 2152 suam
919 2088 1051 2151 Admeto
1080 2106 1116 2152 se
1147 2086 1386 2151 condonaturum
1416 2104 1490 2149 esse
1518 2085 1598 2148 ultro
1620 2085 1755 2167 pollicita
1777 2086 1898 2160 luisset,
1930 2093 2036 2150 cetero

366 2203 523 2269 recusatio
551 2203 677 2271 omniuo
706 2222 768 2269 non
799 2206 900 2270 locum
922 2205 1096 2271 habuisset:
1126 2204 1209 2269 unde
1236 2205 1327 2269 iacile
1355 2202 1443 2267 vides
1472 2202 1545 2284 quid
1568 2210 1726 2285 sequatur.
1760 2204 1879 2285 Quippe
1909 2222 1947 2268 aa
1974 2205 2041 2286 ips

366 2320 521 2387 caruisset
541 2320 687 2399 Alcestis,
717 2322 809 2401 unde,
844 2331 879 2387 ut
907 2342 987 2388 nunc
1014 2341 1068 2387 res
1091 2323 1251 2396 sehabet,
1287 2322 1355 2403 ejus
1386 2319 1517 2402 dignitas
1546 2337 1737 2402 magnopere
1767 2329 1900 2403 augetur
1928 2328 1958 2384 et
1984 2339 2037 2384 cre

366 2437 629 2517 comparationem
650 2437 731 2511 dico,
766 2457 825 2521 qua
856 2440 936 2503 inter
966 2457 1002 2503 se
1024 2438 1228 2504 conferuntur
1248 2436 1372 2502 Admeti
1393 2454 1474 2501 uxor
1495 2437 1654 2519 ceterique
1678 2438 1745 2519 ejus
1768 2439 1949 2521 propinqui:
1980 2457 2020 2503 ex
2046 2451 2048 2466 ·

365 2551 409 2629 m,
431 2559 475 2629 ut,
497 2568 558 2634 quo
580 2553 759 2634 ignaviores
780 2573 819 2619 ac
841 2573 965 2619 suarum
988 2573 1094 2621 rerum
1118 2555 1295 2638 cupidiores
1318 2554 1350 2618 bi
1372 2571 1445 2619 sese
1466 2553 1625 2635 praebent,
1649 2572 1688 2619 eo
1710 2555 1829 2637 majore
1852 2556 1952 2638 gloria
1973 2556 2046 2619 Alc

365 2667 415 2733 dis
436 2670 635 2752 ,generosius
658 2670 779 2737 eluceat
807 2680 838 2736 et
860 2671 1107 2754 exsplendescat.
1138 2672 1237 2736 Nemo
1261 2684 1318 2753 est,
1347 2677 1421 2758 quin
1448 2675 1486 2739 ad
1509 2675 1632 2740 Admeti
1653 2695 1766 2757 preces
1788 2695 1881 2741 aures
1905 2676 2039 2751 claudam

364 2786 444 2867 ipsis
465 2786 644 2868 parentibus
665 2790 822 2870 repulsam
844 2789 905 2855 lert
912 2816 920 2864 ;
944 2790 1011 2857 sola
1033 2790 1148 2872 conjux
1169 2792 1313 2872 pietatem
1336 2810 1372 2855 ac
1393 2791 1485 2854 iidem
1508 2800 1651 2873 praestat,
1674 2793 1853 2876 labentique
1875 2797 1976 2859 auimo
1996 2795 2031 2876 ju

367 2910 439 2978 um,
470 2911 672 2981 venustatem,
703 2904 842 2971 fortunas
865 2925 948 2980 suas,
981 2909 1106 2971 ommno
1136 2926 1258 2974 omnem
1281 2910 1359 2973 bunc
1380 2908 1472 2990 hujus
1493 2909 1574 2973 vitae
1597 2910 1778 2974 suavitatem
1800 2930 1837 2975 ac
1859 2910 2051 2996 dulcedines,

368 3018 529 3085 condonat.
1479 3037 1482 3043 ·

377 3152 381 3177 ³
492 3133 524 3219 ξ.
545 3132 596 3201 41.
631 3138 716 3205 llaec
736 3140 894 3207 bemanus.
929 3143 1026 3209 Venio
1048 3143 1088 3208 ad
1109 3143 1284 3216 Admetum,
1314 3142 1403 3225 cujus
1438 3143 1574 3208 indolem
1601 3144 1699 3208 tribus
1727 3145 1833 3209 verbis
1862 3147 1904 3209 ita
1926 3145 2050 3209 describ

366 3255 479 3336 possis,
509 3263 543 3319 ut
569 3275 588 3318 a
616 3274 673 3321 auo
695 3258 793 3339 ipsius
814 3261 940 3324 nomine
961 3262 1052 3342 plane
1075 3279 1146 3326 eum
1169 3259 1324 3325 dissidere
1347 3259 1442 3325 dieas.
1477 3261 1603 3325 l'sntum
1627 3262 1710 3324 enim
1732 3261 1830 3334 abest,
1861 3271 1894 3326 ut
1924 3261 2051 3343 cupidita

365 3388 440 3441 snas
462 3371 569 3436 domet
589 3380 621 3438 et
642 3372 772 3457 frangat,
794 3385 827 3441 ut
848 3379 917 3459 ipse
940 3396 1046 3442 aarum
1070 3376 1308 3442 dominationem
1331 3375 1411 3441 ierat
1432 3377 1703 3460 turpissimumque
1726 3379 1832 3461 jugum
1854 3378 1946 3442 iacile
1968 3380 2051 3460 accip

364 3489 503 3572 illusque
526 3491 619 3565 vitiis,
643 3491 754 3573 quibus
777 3492 967 3559 foedissimis
989 3502 1096 3568 scatet,
1126 3503 1187 3558 tam
1215 3512 1322 3576 parum
1344 3494 1516 3559 velamenta
1538 3514 1692 3577 quaerere
1714 3495 1884 3570 studemus,
1917 3504 1950 3560 ut
1971 3498 2051 3562 Wiel

367 3601 426 3679 dis,
463 3604 638 3688 lloeoblyis,
680 3606 958 3685 Raucbensteiniis,
995 3611 1048 3693 qui
1083 3611 1158 3675 satis
1196 3629 1233 3675 ea
1263 3613 1473 3694 propinarunt,
1503 3614 1610 3694 paucis
1640 3615 1779 3696 exeeptis
1807 3614 2039 3696 adstipulemur.

292 3727 294 3731 ’
366 3719 544 3787 universum
566 3731 668 3788 sutem
690 3723 843 3806 abjectum
866 3744 939 3792 sese
961 3727 1092 3809 praebet
1112 3727 1297 3803 homullum
1328 3746 1398 3792 nam
1427 3730 1565 3811 apprime
1587 3729 1720 3804 timidus,
1752 3731 1893 3814 ignavus,
1924 3732 2051 3796 imbecil

367 3834 492 3902 omuino
515 3837 542 3900 is
566 3848 622 3916 est,
646 3860 738 3923 quem
762 3840 940 3909 fortitudine
961 3863 1184 3928 generosoque
1206 3847 1307 3909 animo
1331 3846 1439 3910 mirum
1463 3854 1605 3929 quantum
1628 3855 1767 3928 praestet
1787 3867 1868 3912 uxor
1877 3843 1913 3929 ³).
1945 3849 2003 3912 Vix
2025 3867 2051 3911 er

368 3952 437 4030 orit,
459 3960 542 4033 puto,
573 3956 625 4035 qui
647 3957 805 4034 infitietur,
835 3959 925 4042 quod
940 3978 1034 4042 supra
1056 3961 1333 4027 demonstravimus
1341 3957 1379 4042 ⁴),
1412 3964 1551 4027 Alcestin
1572 3962 1652 4026 baud
1674 3965 1773 4028 inscio
1797 3967 1905 4029 marito
1929 3967 2010 4029 Orco
2034 3984 2049 4028 s

368 4076 531 4144 mactasse,
553 4071 646 4135 immo
668 4073 831 4140 Admetum
854 4078 953 4158 ipsum
976 4077 1014 4141 ad
1037 4078 1234 4144 devotionem
1258 4097 1326 4143 eam
1339 4080 1536 4162 compulisse,
1559 4099 1679 4164 suoque
1698 4082 1944 4164 jurePheretem
1963 4081 2051 4162 doux

369 4187 400 4252 ei
422 4187 613 4268 exprobrare
621 4184 658 4264 ³),
692 4209 781 4272 quam
813 4193 944 4258 eandem
972 4196 1138 4279 antiquitus
1164 4198 1227 4278 jam
1249 4198 1450 4279 reprehendit
1471 4199 1613 4263 Valerius
1634 4198 1830 4281 blarimus‘t
1864 4199 1924 4265 Sed
1959 4219 1999 4264 ne
2029 4203 2051 4264 ir

366 4304 425 4371 bos
454 4305 579 4389 quidem
613 4307 770 4388 nequitiae
802 4313 958 4378 cancellos
991 4313 1130 4379 misellus
1159 4315 1251 4380 homo
1273 4333 1348 4381 sese
1371 4315 1532 4380 continuit:
1556 4316 1676 4382 accedit
1698 4319 1814 4383 crimen
1836 4318 2012 4398 impietatis,
2048 4352 2051 4372 ι

371 4462 757 4471 q--nu-m-m—-ao-muu

473 4555 495 4624 ¹)
513 4559 595 4612 Plane
614 4557 694 4611 aliter
711 4559 880 4614 ltuentzerus
897 4562 1006 4630 judicat,
1031 4566 1084 4630 qui
1101 4566 1219 4620 Alcestin
1243 4569 1383 4621 mulierem
1410 4567 1584 4621 fortissimam
1608 4570 1635 4622 et
1658 4579 1787 4633 perquam
1814 4569 1920 4623 virilem
1938 4571 2024 4624 vocat.

368 4640 440 4694 Neue
458 4641 564 4698 labrbb.
583 4645 634 4699 etc.
655 4646 680 4698 5.
700 4645 851 4708 suppl-Bri.
870 4660 895 4710 p.
918 4650 966 4702 197
984 4651 1053 4704 med.
1080 4679 1114 4687 -
1131 4647 1157 4714 ²)
1176 4652 1232 4714 Qua
1250 4653 1279 4705 ln
1296 4665 1326 4706 re
1344 4664 1395 4706 nec
1412 4652 1480 4705 lllud
1498 4653 1691 4717 negligendum
1709 4654 1759 4717 est,
1779 4654 1850 4719 apud
1868 4658 1975 4710 veteres
1993 4656 2051 4707 leur.

369 4728 478 4780 omuino
497 4739 550 4780 non
569 4743 601 4783 eo
619 4741 732 4783 numero
752 4731 837 4785 fuisse
855 4732 957 4796 locove,
983 4736 1013 4788 ut
1030 4737 1170 4790 mulierem
1188 4739 1269 4791 morti
1288 4735 1417 4791 obtulisse
1437 4738 1620 4802 turpissimum
1637 4739 1688 4791 sibl
1707 4751 1767 4792 esse
1787 4740 1993 4796 arbitrarentur.
2023 4741 2051 4802 Qu

369 4824 448 4877 quam
468 4813 498 4865 ut
515 4813 543 4865 ln
563 4816 701 4880 tragoedla
719 4827 774 4869 non
792 4816 872 4870 nimis
890 4817 918 4870 iu
936 4818 1059 4875 urseriml
1078 4849 1111 4859 -
1130 4817 1154 4889 ³)
1174 4823 1213 4876 ci.
1232 4824 1376 4888 ltuentzer,
1395 4822 1427 4875 de
1445 4822 1509 4876 Eur.
1526 4823 1581 4875 Alc.
1601 4823 1644 4875 in:
1669 4823 1741 4877 Neue
1760 4826 1869 4880 tubrbb.
1888 4830 1939 4881 etc.
1958 4830 1983 4880 5.
2004 4828 2051 4892 Suq

368 4894 414 4949 Bt·
434 4912 459 4962 r·
481 4899 528 4954 ¹98
546 4911 618 4963 surr.
637 4927 669 4939 —
686 4896 713 4966 ⁴>
732 4903 794 4969 cap.
813 4903 854 4957 ιιι.
874 4905 898 4966 a.
918 4904 960 4958 so.
980 4932 1010 4943 ·-
1031 4901 1056 4970 ὅ)
1076 4908 1171 4963 urcesr.
1190 4921 1214 4961 v.
1234 4910 1285 4962 aar
1303 4922 1359 4974 sqq.
1378 4908 1425 4960 sn.
1444 4935 1478 4945 -
1497 4905 1519 4971 ⁰)
1537 4909 1577 4973 ιι,
1596 4911 1621 4973 e,
1643 4911 1666 4961 ι.

1797 5009 1818 5074 q
