4250 5442
887 223 1126 297 ..1g..

138 426 265 500 messa:
287 403 317 481 cl
337 415 470 500 τλῆμον,
494 415 569 494 οἵας
592 406 665 494 οἶος
685 410 731 482 da
754 417 963 501 ἁμαρτάνεις)
987 417 1013 482 0
1035 426 1071 482 te
1094 417 1284 496 miserum,
1305 418 1403 502 inquit
1424 418 1549 497 chorus,
1571 417 1718 503 qualem
1740 418 1879 483 amittis

138 541 307 598 uxorem!
329 565 371 579 -
393 532 559 598 Nondum
581 534 670 612 seit,
700 533 869 616 respondet
891 552 993 608 serva,
1027 542 1202 618 quantam
1221 535 1403 616 jncturam
1426 535 1557 612 faciat,
1580 535 1799 618 priusquam
1821 553 1878 600 re·

138 668 228 732 apse
249 648 383 726 leeit¹t
406 682 446 696 -
471 650 560 728 Quid,
592 670 719 734 quaeso,
749 651 822 715 huie
844 654 1016 717 sententiae
1039 670 1202 717 commune
1225 661 1273 716 est
1295 670 1364 716 cum
1387 671 1437 729 eo,
1469 652 1551 735 quod
1573 652 1745 717 Firnbaber
1765 653 1881 729 satuit

137 767 300 833 Admetum
323 768 444 833 consilii
467 767 505 831 ab
527 768 686 834 Alcestide
716 769 797 851 capti
824 770 966 853 ignarum
988 768 1109 834 luisset
1144 771 1255 834 Contra
1288 770 1393 852 plures
1425 769 1547 835 fabulae
1577 770 1638 834 loci
1665 770 1735 834 luce
1764 770 1879 835 darius

139 885 303 950 ostendant
323 903 434 967 regem
457 885 626 950 Pheraeum
646 885 843 968 jampridem
867 894 1056 968 compertum
1079 886 1153 950 illud
1176 886 1321 951 habuisse
1330 884 1365 963 ²).
1388 888 1454 951 llue
1476 907 1505 952 e.
1519 906 1550 969 g.
1567 887 1721 969 pertinent
1732 882 1878 963 nethab:

592 1006 718 1082 πάντας
740 1000 774 1069 d‘
795 1003 924 1087 ἐλέγξας
945 1008 999 1071 καὶ
1021 1002 1199 1083 διεξελθὸν
1221 1006 1350 1088 φίλους,

592 1122 717 1204 πατέρα
737 1124 871 1206 μεραίαν
891 1120 931 1196 siff
951 1116 973 1205 ἤ
995 1119 1055 1209 σφ’
1076 1118 1181 1186 ἔτικτε
1199 1123 1334 1205 μητέρα,

594 1235 655 1315 οὐχ
677 1222 752 1320 εὗρε
774 1239 855 1320 πλὴν
876 1241 1029 1321 γυναικὸς
1048 1233 1122 1322 ἥτις
1142 1232 1242 1321 ἤθελε

590 1355 705 1418 θανεῖν
728 1356 795 1437 πρὸ
816 1356 922 1420 κείνου
942 1378 971 1416 κ.
984 1376 1012 1418 τ.
1025 1356 1052 1417 λ.

265 1474 330 1549 Qua
352 1474 475 1539 tandem
498 1475 618 1540 ratione
640 1476 718 1540 baec
739 1478 835 1542 uerba
858 1478 932 1541 satis
955 1472 1104 1559 explicari
1126 1477 1278 1554 poterunt,
1307 1471 1366 1534 nisi
1389 1469 1551 1535 Admetum
1574 1489 1684 1536 omnes
1705 1486 1781 1534 suos
1802 1470 1878 1537 ami-

138 1608 193 1655 cos
216 1600 429 1676 cognatosque
452 1593 564 1656 iterum
586 1612 623 1657 ae
644 1595 736 1659 tertio
758 1595 965 1677 perlustrasse
997 1589 1194 1658 statuerimus
1217 1604 1394 1650 aerumma
1417 1587 1518 1650 studio
1540 1587 1717 1670 indagasse,
1746 1588 1799 1670 qui
1819 1600 1879 1669 pro

137 1709 206 1789 ipso
228 1708 320 1772 sitam
342 1707 568 1790 profundereti
590 1709 696 1773 ldortis
720 1719 802 1775 metu
825 1712 989 1776 homuncio
1012 1708 1081 1773 aliis
1102 1704 1295 1787 persuadere
1318 1703 1441 1781 suduit,
1462 1712 1506 1777 ut,
1529 1704 1612 1786 quod
1633 1712 1668 1768 ut
1688 1706 1756 1786 ipse
1778 1704 1877 1768 susei-

137 1831 227 1906 peret
246 1843 305 1907 pro
326 1825 501 1889 incredibili
533 1844 588 1889 sua
618 1827 742 1909 ignavia
771 1836 802 1892 et
828 1829 987 1893 timiditate
1016 1847 1033 1891 a
1060 1845 1096 1890 se
1124 1826 1290 1905 impetrare
1312 1839 1375 1885 non
1396 1823 1503 1903 potuit,
1534 1823 1689 1896 subirent;
1722 1839 1879 1905 quamue

138 1942 235 2004 ceteri
257 1959 366 2024 regem
380 1942 592 2020 destituerent,
616 1961 772 2024 generosa
795 1946 863 2028 ejus
886 1964 966 2009 uxor
987 1950 1109 2026 promto
1132 1942 1233 2004 animo
1257 1957 1373 2003 morem
1397 1940 1427 2003 ei
1449 1941 1557 2022 gessit
1582 1940 1667 2003 llanc
1685 1939 1878 2003 manifestam

137 2056 228 2140 hujus
250 2058 311 2122 loci
333 2059 516 2122 sententiam
548 2074 621 2123 esse
650 2060 703 2122 vix
725 2062 785 2124 erit
808 2063 860 2143 qui
882 2070 986 2145 neget.
1021 2062 1135 2124 'lamen
1166 2059 1226 2132 (sic
1248 2059 1357 2120 iterum
1381 2065 1512 2139 quaero)
1541 2059 1702 2121 instantem
1735 2054 1879 2138 conjugis

139 2183 269 2239 mortem
291 2176 447 2259 ignoravit
468 2174 643 2240 Admetus?
668 2210 704 2221 —
728 2178 867 2252 Accedit,
890 2178 973 2262 quod
995 2181 1062 2260 ipse
1085 2194 1143 2239 rex
1165 2169 1285 2252 dicit⁴):

588 2290 765 2377 ἐπίσταμαί
785 2317 821 2359 τε
841 2293 919 2360 κούκ
941 2291 1037 2380 ἄφνω
1059 2295 1157 2357 κακὸν
1179 2289 1257 2356 τόδε

590 2406 801 2492 προσέπτατ’·
825 2408 922 2488 εἰδὼς
944 2408 978 2473 d'
999 2407 1072 2476 αὔτ’
1093 2409 1263 2491 ἐτειρόμην
1285 2408 1396 2472 πάλαι.

263 2523 349 2588 Unde
371 2526 544 2590 luculenter
566 2534 693 2607 apparet
714 2527 877 2592 Admetum
901 2529 940 2592 de
962 2527 1129 2594 Alcestidis
1152 2526 1283 2590 consilio
1305 2542 1367 2588 non
1388 2533 1462 2588 tune
1483 2523 1616 2600 demum,
1645 2522 1702 2588 sed
1728 2523 1793 2604 jam
1815 2524 1877 2605 pri·

136 2642 205 2705 dem
228 2640 396 2705 certiorem
419 2641 533 2704 laetum
562 2658 635 2703 esse
663 2659 722 2704 nec
744 2651 870 2724 praeter
892 2645 1155 2725 exspectationem
1177 2643 1299 2723 plagam
1321 2641 1401 2703 illam
1424 2641 1594 2721 accepisse,
1627 2657 1716 2722 quam
1744 2647 1778 2703 ut
1807 2657 1877 2723 gra-

136 2758 292 2821 vissimam
315 2756 575 2840 durissimamque
598 2757 692 2821 dellct
714 2757 838 2823 chorus.
869 2761 999 2824 Omnino
1026 2759 1193 2825 Alcestidis
1216 2758 1341 2822 devotio
1363 2776 1421 2838 per
1443 2775 1480 2820 se
1501 2775 1554 2820 res
1576 2758 1736 2821 notissima
1758 2765 1816 2834 est,
1845 2764 1878 2820 ut

136 2871 291 2937 Wielandi
314 2873 418 2937 uerbis
441 2869 557 2948 utar⁸);
582 2874 654 2937 illud
677 2893 769 2939 unum
791 2877 962 2959 ignoratur,
985 2897 1046 2960 quo
1070 2877 1121 2941 die
1144 2885 1274 2941 mortem
1297 2874 1417 2938 obitura
1441 2874 1481 2937 sit
1495 2874 1629 2938 Alcestis
1638 2870 1674 2951 ⁶),
1697 2875 1878 2957 atquehaec

136 2991 203 3072 ipsa
226 2997 289 3052 tum
311 2988 443 3063 demum,
475 2989 527 3053 ubi
558 2990 643 3053 vires
673 2993 771 3073 magis
802 2995 963 3076 magisque
992 2993 1147 3066 deliciunt,
1180 2991 1301 3074 ἡμέραν
1330 2993 1444 3070 κυρίαν
1465 2990 1579 3055 adesse
1601 2988 1741 3066 sentit').
1776 2989 1879 3066 Ouidi

138 3110 237 3184 Quum
265 3108 430 3171 imminens
460 3108 628 3172 Alcestidis
659 3128 743 3173 mors
765 3111 919 3175 neminem
941 3109 1098 3183 fefellerit,
1132 3128 1226 3172 unum
1255 3107 1419 3172 Admetum
1447 3125 1515 3169 eam
1537 3107 1666 3172 latuisse
1688 3107 1878 3171 statuamus?

137 3225 288 3307 Equidem
310 3244 372 3288 non
394 3225 720 3290 adducoruteredam.
743 3258 785 3272 -
807 3226 970 3291 Praeterea
992 3226 1132 3291 Pheretis
1153 3226 1250 3290 verba
1260 3220 1286 3305 ⁸)
1309 3224 1417 3289 collata
1434 3224 1538 3298 velim,
1562 3224 1672 3306 quibas
1694 3225 1757 3289 tilio
1771 3232 1878 3307 aperte

137 3342 290 3424 ignauiam
313 3342 489 3423 exprobrat,
520 3361 598 3424 qaae
627 3351 728 3406 tamen
756 3343 906 3406 maledice
934 3344 1220 3427 contumelioseque
1244 3344 1322 3407 dieta
1347 3359 1419 3405 esse
1441 3341 1500 3404 sibi
1523 3342 1679 3423 persuasit
1698 3342 1877 3406 Fimhaber.

137 3458 199 3524 Sed
220 3466 254 3522 ut
275 3459 370 3522 verba
393 3459 451 3523 ista
475 3459 570 3522 falsas
592 3461 822 3524 criminationes
844 3462 1029 3539 contineant,
1061 3494 1100 3506 —
1125 3480 1181 3526 our
1203 3462 1234 3523 in
1257 3460 1393 3541 dialogo,
1423 3461 1475 3542 qui
1498 3478 1568 3523 mox
1591 3459 1740 3542 sequitur,
1762 3459 1877 3523 Adme-

136 3585 185 3641 tus
208 3577 256 3640 sui
278 3576 431 3659 purgandi
454 3594 547 3641 eausa
570 3594 610 3640 ne
631 3594 724 3640 unum
748 3577 871 3661 quidem
894 3579 1024 3642 verbum
1045 3577 1188 3661 proterii
1222 3578 1254 3641 Si
1276 3595 1388 3640 revera
1411 3578 1529 3639 crimen
1552 3574 1708 3658 ἀψυχίας,
1732 3577 1878 3659 quemad

137 3693 260 3758 modum
283 3694 343 3756 sibi
356 3694 512 3775 persuasit
523 3678 693 3759 Firnbaber
702 3691 737 3770 ο),
761 3694 871 3761 falsum
894 3700 944 3772 sit,
966 3717 1026 3762 nec
1047 3697 1155 3761 umbra
1178 3695 1301 3777 quidem
1326 3696 1393 3776 ejus
1407 3694 1539 3759 Admeto
1552 3695 1721 3767 inhaereat,
1744 3713 1799 3760 cur
1814 3713 1877 3759 nou

137 3829 207 3874 oum
247 3816 402 3873 contemtu
440 3817 470 3873 et
500 3809 710 3892 indignatione
739 3811 813 3876 illud
835 3814 947 3897 rejicit,
981 3813 1083 3894 deque
1115 3810 1223 3874 uxoris
1253 3811 1384 3874 oonsilio
1418 3829 1454 3874 se
1489 3828 1551 3873 non
1584 3810 1743 3875 conscium
1777 3811 1878 3876 luisse

137 3934 244 4010 aperte
267 3925 424 3990 declaratt
1155 3896 1162 3913 ⁸

264 4039 293 4122 ἓ.
315 4038 367 4104 28.
389 4040 484 4104 Vides
506 4041 609 4124 igitur,
632 4042 761 4107 candide
783 4042 891 4118 lector,
914 4054 989 4128 quot
1011 4054 1184 4131 quantaque
1196 4047 1414 4131 impedimenta
1427 4045 1559 4120 obstent,
1583 4064 1643 4129 quo
1667 4047 1766 4110 minus
1788 4046 1876 4110 Firu-

135 4158 245 4224 baberi
266 4159 438 4223 sententiae
460 4158 690 4224 subscribamus
714 4162 853 4243 clamque
875 4163 1008 4229 Admeto
1030 4167 1168 4230 Alcestin
1195 4163 1348 4229 moriendi
1369 4163 1530 4227 consilium
1552 4164 1676 4247 cepisse
1699 4164 1875 4246 largiamur.

137 4275 216 4351 Quid
236 4294 313 4340 vero
335 4275 408 4341 inde
422 4274 584 4359 sequitur?
604 4276 737 4341 Primum
759 4278 843 4356 illud,
867 4281 987 4362 opinor,
1010 4282 1173 4348 Admetum
1197 4280 1515 4346 misellumbominem
1529 4299 1602 4345 esse
1623 4300 1660 4345 ac
1678 4280 1875 4358 nebulonem,

141 4434 526 4447 pann—*m

240 4535 266 4602 1)
284 4536 329 4591 Sic
345 4540 419 4593 reete
436 4540 526 4593 locunt
541 4539 596 4604 jam
616 4539 745 4606 explicuit
762 4542 879 4608 Wagner
904 4543 933 4596 in
960 4543 1023 4598 edit.
1048 4542 1147 4596 hiscat.
1176 4540 1233 4594 vid.
1251 4555 1276 4606 p.
1295 4540 1329 4593 2⁰
1347 4539 1409 4592 intr.
1436 4554 1462 4605 p.
1484 4541 1540 4594 1111.
1561 4541 1610 4593 toa
1628 4551 1703 4606 supr.
1730 4566 1764 4579 -
1790 4535 1875 4605 ¹)cl.

136 4624 268 4680 wielandi
288 4623 382 4687 Opera.
401 4626 470 4678 Tem.
491 4627 533 4681 35.
552 4639 578 4691 p.
599 4626 660 4680 152.
680 4628 728 4680 too
746 4627 823 4690 (edit.
833 4629 918 4692 nou).
938 4655 972 4664 —
990 4624 1016 4690 ⁸)
1034 4628 1061 4680 V.
1084 4629 1114 4680 14
1133 4638 1188 4693 sqq.
1208 4651 1240 4663 -
1258 4622 1285 4688 ⁴)
1303 4627 1332 4681 v,
1351 4628 1402 4680 420
1420 4628 1448 4679 et
1464 4626 1524 4679 121.
1543 4653 1575 4663 -
1594 4622 1619 4692 ³)
1639 4628 1758 4680 simmtl.
1770 4626 1873 4681 werla.

136 4711 207 4763 Tom.
230 4709 271 4763 35.
298 4720 324 4773 p.
352 4709 399 4763 152
426 4709 504 4772 (Nou.
529 4711 618 4774 edit).
647 4711 682 4764 et.
700 4711 797 4767 Alcest.
816 4726 839 4765 v.
862 4715 927 4769 iso:
956 4697 1011 4761 καὶ
1038 4702 1144 4762 ταῦτα
1171 4698 1230 4779 μὲν
1260 4695 1302 4777 δὴ
1332 4692 1426 4760 arcio'
1447 4694 1663 4761 ἐπίσταται
1684 4699 1810 4773 πόλις.
1834 4728 1873 4740 -

136 4790 162 4858 ⁰)
179 4795 220 4848 ci.
240 4793 368 4848 zeitschr.
387 4793 433 4847 ihr
451 4795 501 4851 htt.
520 4797 538 4850 t.
558 4797 576 4849 1.
595 4808 619 4860 p.
637 4797 688 4851 118
705 4797 761 4851 not.
791 4824 826 4837 -·
854 4795 879 4862 a)
897 4798 993 4853 Alcest.
1011 4810 1037 4850 v.
1058 4800 1107 4852 158
1125 4809 1176 4861 sq.
1191 4823 1225 4834 -
1250 4791 1275 4863 ⁸)
1299 4796 1363 4851 lbid.
1382 4808 1407 4848 v.
1425 4796 1476 4848 699
1494 4804 1551 4858 sqq.
1577 4821 1612 4832 —-
1640 4791 1665 4863 ⁹)
1683 4795 1811 4851 zmbchr.
1829 4795 1875 4848 ttir

135 4878 187 4932 hlt.
205 4879 223 4934 1.
241 4880 258 4931 l.
276 4892 303 4944 p.
322 4881 374 4933 tto
391 4892 464 4944 supr.
