<?xml version="1.0" encoding="UTF-8"?>
<!DOCTYPE html PUBLIC "-//W3C//DTD XHTML 1.0 Transitional//EN"
    "http://www.w3.org/TR/xhtml1/DTD/xhtml1-transitional.dtd">
<html xmlns="http://www.w3.org/1999/xhtml" xml:lang="en" lang="en">
 <head>
  <title>
</title>
<meta http-equiv="Content-Type" content="text/html;charset=utf-8" />
  <meta name='ocr-system' content='tesseract 3.04.00' />
  <meta name='ocr-capabilities' content='ocr_page ocr_carea ocr_par ocr_line ocrx_word'/>
</head>
<body>
  <div class='ocr_page' id='page_1' title='image "./commentatiodeal00buchgoog_0035.png"; bbox 0 0 4250 5442; ppageno 0'>
   <div class='ocr_carea' id='block_1_1' title="bbox 1107 212 1346 287">
    <p class='ocr_par' dir='ltr' id='par_1_1' title="bbox 1107 212 1346 287">
     <span class='ocr_line' id='line_1_1' title="bbox 1107 212 1346 287; baseline 0.008 -20"><span class='ocrx_word' id='word_1_1' title='bbox 1107 212 1346 287; x_wconf 73' lang='lat'>..29-</span> 
     </span>
    </p>
   </div>
   <div class='ocr_carea' id='block_1_2' title="bbox 292 382 2050 4242">
    <p class='ocr_par' dir='ltr' id='par_1_2' title="bbox 354 382 2049 2836">
     <span class='ocr_line' id='line_1_2' title="bbox 356 382 2017 492; baseline -0.001 -18"><span class='ocrx_word' id='word_1_2' title='bbox 356 408 467 474; x_wconf 81' lang='lat' dir='ltr'>celent</span> <span class='ocrx_word' id='word_1_3' title='bbox 489 416 520 473; x_wconf 91' lang='lat' dir='ltr'>et</span> <span class='ocrx_word' id='word_1_4' title='bbox 541 382 581 474; x_wconf 85' lang='lat' dir='ltr'>ita</span> <span class='ocrx_word' id='word_1_5' title='bbox 604 409 685 472; x_wconf 86' lang='lat' dir='ltr'>lnior</span> <span class='ocrx_word' id='word_1_6' title='bbox 706 425 743 473; x_wconf 89' lang='lat' dir='ltr'>ae</span> <span class='ocrx_word' id='word_1_7' title='bbox 764 406 1042 487; x_wconf 70' lang='lat' dir='ltr'><strong>confundebantur,</strong></span> <span class='ocrx_word' id='word_1_8' title='bbox 1065 414 1108 487; x_wconf 88' lang='lat' dir='ltr'>ot,</span> <span class='ocrx_word' id='word_1_9' title='bbox 1131 425 1224 492; x_wconf 91' lang='lat' dir='ltr'>quum</span> <span class='ocrx_word' id='word_1_10' title='bbox 1247 408 1347 472; x_wconf 87' lang='lat' dir='ltr'>semel</span> <span class='ocrx_word' id='word_1_11' title='bbox 1367 405 1406 472; x_wconf 93' lang='lat' dir='ltr'>ad</span> <span class='ocrx_word' id='word_1_12' title='bbox 1428 424 1520 470; x_wconf 90' lang='lat' dir='ltr'>unum</span> <span class='ocrx_word' id='word_1_13' title='bbox 1535 407 1699 472; x_wconf 81' lang='lat' dir='ltr'>Herculem</span> <span class='ocrx_word' id='word_1_14' title='bbox 1721 407 1837 471; x_wconf 82' lang='lat' dir='ltr'>referri</span> <span class='ocrx_word' id='word_1_15' title='bbox 1860 416 1968 490; x_wconf 85' lang='lat' dir='ltr'>coepte</span> <span class='ocrx_word' id='word_1_16' title='bbox 1983 427 2017 472; x_wconf 88' lang='lat' dir='ltr'>es</span> 
     </span>
     <span class='ocr_line' id='line_1_3' title="bbox 356 521 2025 609; baseline -0.002 -19"><span class='ocrx_word' id='word_1_17' title='bbox 356 544 437 601; x_wconf 82' lang='lat' dir='ltr'>mox,</span> <span class='ocrx_word' id='word_1_18' title='bbox 461 525 544 589; x_wconf 87' lang='lat' dir='ltr'>unde</span> <span class='ocrx_word' id='word_1_19' title='bbox 566 525 688 609; x_wconf 82' lang='lat' dir='ltr'>singula</span> <span class='ocrx_word' id='word_1_20' title='bbox 710 526 864 608; x_wconf 77' lang='lat' dir='ltr'><strong>originem</strong></span> <span class='ocrx_word' id='word_1_21' title='bbox 886 525 1059 602; x_wconf 84' lang='lat' dir='ltr'>traxissent,</span> <span class='ocrx_word' id='word_1_22' title='bbox 1089 542 1195 607; x_wconf 89' lang='lat' dir='ltr'>parum</span> <span class='ocrx_word' id='word_1_23' title='bbox 1217 525 1349 608; x_wconf 77' lang='lat' dir='ltr'>liqueret</span> <span class='ocrx_word' id='word_1_24' title='bbox 1362 521 1396 606; x_wconf 87' lang='lat'>¹).</span> <span class='ocrx_word' id='word_1_25' title='bbox 1430 525 1517 599; x_wconf 78' lang='lat' dir='ltr'>Quae</span> <span class='ocrx_word' id='word_1_26' title='bbox 1547 540 1640 606; x_wconf 92' lang='lat' dir='ltr'>quum</span> <span class='ocrx_word' id='word_1_27' title='bbox 1661 525 1702 587; x_wconf 91' lang='lat' dir='ltr'>ita</span> <span class='ocrx_word' id='word_1_28' title='bbox 1724 524 1793 598; x_wconf 90' lang='lat' dir='ltr'>sint,</span> <span class='ocrx_word' id='word_1_29' title='bbox 1823 524 1966 589; x_wconf 90' lang='lat' dir='ltr'>Herculis</span> <span class='ocrx_word' id='word_1_30' title='bbox 1987 543 2025 605; x_wconf 78' lang='lat' dir='ltr'>p·-</span> 
     </span>
     <span class='ocr_line' id='line_1_4' title="bbox 355 640 2027 724; baseline -0.004 -17"><span class='ocrx_word' id='word_1_31' title='bbox 355 661 425 707; x_wconf 88' lang='lat' dir='ltr'>nem</span> <span class='ocrx_word' id='word_1_32' title='bbox 448 641 528 706; x_wconf 88' lang='lat' dir='ltr'>haud</span> <span class='ocrx_word' id='word_1_33' title='bbox 550 643 654 724; x_wconf 88' lang='lat' dir='ltr'>inepte</span> <span class='ocrx_word' id='word_1_34' title='bbox 677 649 840 706; x_wconf 80' lang='lat' dir='ltr'>centonem</span> <span class='ocrx_word' id='word_1_35' title='bbox 863 640 998 724; x_wconf 90' lang='lat' dir='ltr'>undique</span> <span class='ocrx_word' id='word_1_36' title='bbox 1021 649 1184 705; x_wconf 86' lang='lat' dir='ltr'>consutum</span> <span class='ocrx_word' id='word_1_37' title='bbox 1208 641 1303 720; x_wconf 90' lang='lat' dir='ltr'>dicas,</span> <span class='ocrx_word' id='word_1_38' title='bbox 1336 659 1469 724; x_wconf 88' lang='lat' dir='ltr'>eumque</span> <span class='ocrx_word' id='word_1_39' title='bbox 1499 641 1540 704; x_wconf 90' lang='lat' dir='ltr'>ita</span> <span class='ocrx_word' id='word_1_40' title='bbox 1563 640 1817 718; x_wconf 78' lang='lat' dir='ltr'>consarcinatum,</span> <span class='ocrx_word' id='word_1_41' title='bbox 1849 648 1884 704; x_wconf 90' lang='lat' dir='ltr'>ut</span> <span class='ocrx_word' id='word_1_42' title='bbox 1904 640 1994 704; x_wconf 90' lang='lat' dir='ltr'>modo</span> <span class='ocrx_word' id='word_1_43' title='bbox 2025 698 2027 700; x_wconf 77' lang='grc'>,</span> 
     </span>
     <span class='ocr_line' id='line_1_5' title="bbox 356 758 2010 842; baseline -0.002 -18"><span class='ocrx_word' id='word_1_44' title='bbox 356 759 447 824; x_wconf 85' lang='lat' dir='ltr'>modo</span> <span class='ocrx_word' id='word_1_45' title='bbox 470 759 553 822; x_wconf 93' lang='lat' dir='ltr'>illinc</span> <span class='ocrx_word' id='word_1_46' title='bbox 576 759 669 823; x_wconf 87' lang='lat' dir='ltr'>voluti</span> <span class='ocrx_word' id='word_1_47' title='bbox 690 776 810 840; x_wconf 83' lang='lat' dir='ltr'>pennos</span> <span class='ocrx_word' id='word_1_48' title='bbox 831 758 1047 839; x_wconf 80' lang='lat' dir='ltr'>decerperent,</span> <span class='ocrx_word' id='word_1_49' title='bbox 1071 758 1236 841; x_wconf 88' lang='lat' dir='ltr'>decerptos</span> <span class='ocrx_word' id='word_1_50' title='bbox 1258 759 1451 842; x_wconf 76' lang='lat' dir='ltr'>colligerent,</span> <span class='ocrx_word' id='word_1_51' title='bbox 1475 758 1623 822; x_wconf 88' lang='lat' dir='ltr'>collectos</span> <span class='ocrx_word' id='word_1_52' title='bbox 1645 759 1676 821; x_wconf 93' lang='lat' dir='ltr'>in</span> <span class='ocrx_word' id='word_1_53' title='bbox 1698 776 1790 823; x_wconf 90' lang='lat' dir='ltr'>unum</span> <span class='ocrx_word' id='word_1_54' title='bbox 1813 758 1977 821; x_wconf 86' lang='lat' dir='ltr'>Herculem</span> <span class='ocrx_word' id='word_1_55' title='bbox 2000 765 2010 821; x_wconf 91' lang='grc' dir='ltr'>ι</span> 
     </span>
     <span class='ocr_line' id='line_1_6' title="bbox 356 874 2024 969; baseline -0.002 -29"><span class='ocrx_word' id='word_1_56' title='bbox 356 876 484 943; x_wconf 80' lang='lat' dir='ltr'>ferrent.</span> <span class='ocrx_word' id='word_1_57' title='bbox 521 908 559 922; x_wconf 86' lang='lat'>—-</span> <span class='ocrx_word' id='word_1_58' title='bbox 591 875 667 940; x_wconf 88' lang='lat' dir='ltr'>Nam</span> <span class='ocrx_word' id='word_1_59' title='bbox 691 874 771 952; x_wconf 90' lang='lat' dir='ltr'>vide,</span> <span class='ocrx_word' id='word_1_60' title='bbox 803 876 857 953; x_wconf 85' lang='lat' dir='ltr'>oie,</span> <span class='ocrx_word' id='word_1_61' title='bbox 888 877 957 959; x_wconf 90' lang='lat' dir='ltr'>quis</span> <span class='ocrx_word' id='word_1_62' title='bbox 986 877 1148 969; x_wconf 87' lang='lat' dir='ltr'>qualisque</span> <span class='ocrx_word' id='word_1_63' title='bbox 1176 878 1215 940; x_wconf 91' lang='lat' dir='ltr'>sit</span> <span class='ocrx_word' id='word_1_64' title='bbox 1243 877 1369 942; x_wconf 84' lang='lat' dir='ltr'>Alcides</span> <span class='ocrx_word' id='word_1_65' title='bbox 1392 878 1444 940; x_wconf 92' lang='lat' dir='ltr'>ille</span> <span class='ocrx_word' id='word_1_66' title='bbox 1468 875 1636 939; x_wconf 83' lang='lat' dir='ltr'>fabulosus.</span> <span class='ocrx_word' id='word_1_67' title='bbox 1671 875 1704 938; x_wconf 94' lang='lat' dir='ltr'>ln</span> <span class='ocrx_word' id='word_1_68' title='bbox 1735 877 1914 939; x_wconf 83' lang='lat' dir='ltr'>universum</span> <span class='ocrx_word' id='word_1_69' title='bbox 1943 876 2024 939; x_wconf 92' lang='lat' dir='ltr'>enim</span> 
     </span>
     <span class='ocr_line' id='line_1_7' title="bbox 355 993 2013 1076; baseline -0.001 -19"><span class='ocrx_word' id='word_1_70' title='bbox 355 994 548 1076; x_wconf 85' lang='lat' dir='ltr'>praeclarum</span> <span class='ocrx_word' id='word_1_71' title='bbox 571 994 699 1058; x_wconf 88' lang='lat' dir='ltr'>heroem</span> <span class='ocrx_word' id='word_1_72' title='bbox 722 1011 758 1056; x_wconf 91' lang='lat' dir='ltr'>se</span> <span class='ocrx_word' id='word_1_73' title='bbox 781 993 920 1075; x_wconf 87' lang='lat' dir='ltr'>praehet,</span> <span class='ocrx_word' id='word_1_74' title='bbox 943 994 984 1058; x_wconf 88' lang='lat' dir='ltr'>ile</span> <span class='ocrx_word' id='word_1_75' title='bbox 1006 1002 1212 1058; x_wconf 78' lang='lat' dir='ltr'>utrumnum</span> <span class='ocrx_word' id='word_1_76' title='bbox 1236 996 1367 1067; x_wconf 83' lang='lat' dir='ltr'>virtutis,</span> <span class='ocrx_word' id='word_1_77' title='bbox 1391 993 1588 1070; x_wconf 85' lang='lat' dir='ltr'>tortitudinis,</span> <span class='ocrx_word' id='word_1_78' title='bbox 1612 993 1832 1075; x_wconf 76' lang='lat' dir='ltr'>generositatis</span> <span class='ocrx_word' id='word_1_79' title='bbox 1854 994 2013 1075; x_wconf 86' lang='lat' dir='ltr'>specimen</span> 
     </span>
     <span class='ocr_line' id='line_1_8' title="bbox 355 1108 2024 1192; baseline -0.004 -16"><span class='ocrx_word' id='word_1_80' title='bbox 355 1112 422 1186; x_wconf 91' lang='lat' dir='ltr'>dat;</span> <span class='ocrx_word' id='word_1_81' title='bbox 456 1120 508 1176; x_wconf 90' lang='lat' dir='ltr'>aut</span> <span class='ocrx_word' id='word_1_82' title='bbox 534 1111 572 1175; x_wconf 91' lang='lat' dir='ltr'>ad</span> <span class='ocrx_word' id='word_1_83' title='bbox 595 1110 806 1187; x_wconf 80' lang='lat' dir='ltr'>rusticitatem,</span> <span class='ocrx_word' id='word_1_84' title='bbox 841 1110 879 1173; x_wconf 91' lang='lat' dir='ltr'>ed</span> <span class='ocrx_word' id='word_1_85' title='bbox 901 1112 1177 1192; x_wconf 88' lang='lat' dir='ltr'>intemperentiam,</span> <span class='ocrx_word' id='word_1_86' title='bbox 1206 1111 1244 1175; x_wconf 92' lang='lat' dir='ltr'>ed</span> <span class='ocrx_word' id='word_1_87' title='bbox 1274 1112 1477 1175; x_wconf 76' lang='lat' dir='ltr'>insulsitatem</span> <span class='ocrx_word' id='word_1_88' title='bbox 1499 1111 1541 1173; x_wconf 90' lang='lat' dir='ltr'>ita</span> <span class='ocrx_word' id='word_1_89' title='bbox 1563 1108 1734 1182; x_wconf 88' lang='lat' dir='ltr'>descendit,</span> <span class='ocrx_word' id='word_1_90' title='bbox 1765 1116 1798 1172; x_wconf 91' lang='lat' dir='ltr'>ut</span> <span class='ocrx_word' id='word_1_91' title='bbox 1831 1108 1961 1173; x_wconf 91' lang='lat' dir='ltr'>eundem</span> <span class='ocrx_word' id='word_1_92' title='bbox 1995 1111 2024 1171; x_wconf 85' lang='lat' dir='ltr'>vi</span> 
     </span>
     <span class='ocr_line' id='line_1_9' title="bbox 354 1225 2021 1311; baseline -0.002 -19"><span class='ocrx_word' id='word_1_93' title='bbox 354 1247 395 1294; x_wconf 91' lang='lat' dir='ltr'>ne</span> <span class='ocrx_word' id='word_1_94' title='bbox 418 1228 470 1292; x_wconf 84' lang='lat' dir='ltr'>vix</span> <span class='ocrx_word' id='word_1_95' title='bbox 493 1227 615 1311; x_wconf 89' lang='lat' dir='ltr'>quidem</span> <span class='ocrx_word' id='word_1_96' title='bbox 638 1244 802 1309; x_wconf 86' lang='lat' dir='ltr'>agnoscas.</span> <span class='ocrx_word' id='word_1_97' title='bbox 825 1226 931 1310; x_wconf 89' lang='lat' dir='ltr'>ltaque</span> <span class='ocrx_word' id='word_1_98' title='bbox 954 1229 1043 1310; x_wconf 89' lang='lat' dir='ltr'>quasi</span> <span class='ocrx_word' id='word_1_99' title='bbox 1065 1227 1179 1310; x_wconf 85' lang='lat' dir='ltr'>duplex</span> <span class='ocrx_word' id='word_1_100' title='bbox 1200 1228 1344 1292; x_wconf 88' lang='lat' dir='ltr'>Herculis</span> <span class='ocrx_word' id='word_1_101' title='bbox 1367 1245 1502 1309; x_wconf 87' lang='lat' dir='ltr'>persona</span> <span class='ocrx_word' id='word_1_102' title='bbox 1525 1225 1684 1290; x_wconf 90' lang='lat' dir='ltr'>statuenda</span> <span class='ocrx_word' id='word_1_103' title='bbox 1708 1227 1780 1289; x_wconf 87' lang='lat' dir='ltr'>erit:</span> <span class='ocrx_word' id='word_1_104' title='bbox 1810 1227 1905 1290; x_wconf 89' lang='lat' dir='ltr'>altera</span> <span class='ocrx_word' id='word_1_105' title='bbox 1929 1244 2021 1307; x_wconf 84' lang='lat' dir='ltr'>supro</span> 
     </span>
     <span class='ocr_line' id='line_1_10' title="bbox 355 1343 2032 1428; baseline -0.002 -19"><span class='ocrx_word' id='word_1_106' title='bbox 355 1347 455 1409; x_wconf 88' lang='lat' dir='ltr'>mines</span> <span class='ocrx_word' id='word_1_107' title='bbox 479 1353 536 1422; x_wconf 87' lang='lat' dir='ltr'>est,</span> <span class='ocrx_word' id='word_1_108' title='bbox 558 1345 701 1426; x_wconf 87' lang='lat' dir='ltr'>ultraque</span> <span class='ocrx_word' id='word_1_109' title='bbox 724 1362 776 1407; x_wconf 92' lang='lat' dir='ltr'>res</span> <span class='ocrx_word' id='word_1_110' title='bbox 799 1343 947 1407; x_wconf 87' lang='lat' dir='ltr'>humanus</span> <span class='ocrx_word' id='word_1_111' title='bbox 969 1344 1065 1428; x_wconf 90' lang='lat' dir='ltr'>longe</span> <span class='ocrx_word' id='word_1_112' title='bbox 1088 1345 1264 1428; x_wconf 89' lang='lat' dir='ltr'>egreditur;</span> <span class='ocrx_word' id='word_1_113' title='bbox 1289 1345 1384 1409; x_wconf 90' lang='lat' dir='ltr'>altere</span> <span class='ocrx_word' id='word_1_114' title='bbox 1406 1345 1531 1409; x_wconf 90' lang='lat' dir='ltr'>homine</span> <span class='ocrx_word' id='word_1_115' title='bbox 1555 1346 1646 1408; x_wconf 92' lang='lat' dir='ltr'>multo</span> <span class='ocrx_word' id='word_1_116' title='bbox 1670 1352 1718 1408; x_wconf 88' lang='lat' dir='ltr'>est</span> <span class='ocrx_word' id='word_1_117' title='bbox 1739 1344 1880 1419; x_wconf 90' lang='lat' dir='ltr'>inlerior,</span> <span class='ocrx_word' id='word_1_118' title='bbox 1905 1353 1936 1408; x_wconf 90' lang='lat' dir='ltr'>el</span> <span class='ocrx_word' id='word_1_119' title='bbox 1957 1343 1995 1408; x_wconf 92' lang='lat' dir='ltr'>ad</span> <span class='ocrx_word' id='word_1_120' title='bbox 2018 1364 2032 1406; x_wconf 92' lang='lat' dir='ltr'>s</span> 
     </span>
     <span class='ocr_line' id='line_1_11' title="bbox 355 1460 2020 1543; baseline -0.004 -15"><span class='ocrx_word' id='word_1_121' title='bbox 355 1481 460 1528; x_wconf 89' lang='lat' dir='ltr'>rorum</span> <span class='ocrx_word' id='word_1_122' title='bbox 484 1461 714 1527; x_wconf 89' lang='lat' dir='ltr'>similitudinem</span> <span class='ocrx_word' id='word_1_123' title='bbox 737 1460 864 1524; x_wconf 87' lang='lat' dir='ltr'>accedit.</span> <span class='ocrx_word' id='word_1_124' title='bbox 889 1460 1055 1543; x_wconf 90' lang='lat' dir='ltr'>Utremque</span> <span class='ocrx_word' id='word_1_125' title='bbox 1078 1479 1154 1524; x_wconf 87' lang='lat' dir='ltr'>vero</span> <span class='ocrx_word' id='word_1_126' title='bbox 1176 1480 1233 1543; x_wconf 91' lang='lat' dir='ltr'>per</span> <span class='ocrx_word' id='word_1_127' title='bbox 1255 1482 1291 1527; x_wconf 91' lang='lat' dir='ltr'>se</span> <span class='ocrx_word' id='word_1_128' title='bbox 1313 1481 1331 1526; x_wconf 96' lang='lat' dir='ltr'>a</span> <span class='ocrx_word' id='word_1_129' title='bbox 1352 1480 1389 1526; x_wconf 90' lang='lat' dir='ltr'>re</span> <span class='ocrx_word' id='word_1_130' title='bbox 1412 1463 1535 1526; x_wconf 87' lang='lat' dir='ltr'>scenice</span> <span class='ocrx_word' id='word_1_131' title='bbox 1558 1461 1730 1525; x_wconf 89' lang='lat' dir='ltr'>abhorrere</span> <span class='ocrx_word' id='word_1_132' title='bbox 1751 1469 1861 1543; x_wconf 91' lang='lat' dir='ltr'>sponte</span> <span class='ocrx_word' id='word_1_133' title='bbox 1883 1469 2020 1543; x_wconf 88' lang='lat' dir='ltr'>apparet.</span> 
     </span>
     <span class='ocr_line' id='line_1_12' title="bbox 358 1576 2037 1662; baseline -0.002 -18"><span class='ocrx_word' id='word_1_134' title='bbox 358 1614 362 1623; x_wconf 87' lang='lat'><strong>·</strong></span> <span class='ocrx_word' id='word_1_135' title='bbox 481 1577 513 1661; x_wconf 66' lang='grc' dir='ltr'>ἓ.</span> <span class='ocrx_word' id='word_1_136' title='bbox 536 1576 588 1644; x_wconf 83' lang='grc'>47.</span> <span class='ocrx_word' id='word_1_137' title='bbox 621 1579 689 1643; x_wconf 90' lang='lat' dir='ltr'>Huc</span> <span class='ocrx_word' id='word_1_138' title='bbox 715 1577 835 1642; x_wconf 89' lang='lat' dir='ltr'>accedit</span> <span class='ocrx_word' id='word_1_139' title='bbox 862 1577 943 1641; x_wconf 92' lang='lat' dir='ltr'>eliud</span> <span class='ocrx_word' id='word_1_140' title='bbox 966 1579 1082 1651; x_wconf 88' lang='lat' dir='ltr'>vitium,</span> <span class='ocrx_word' id='word_1_141' title='bbox 1117 1576 1198 1660; x_wconf 90' lang='lat' dir='ltr'>quod</span> <span class='ocrx_word' id='word_1_142' title='bbox 1229 1581 1371 1645; x_wconf 86' lang='lat' dir='ltr'>Herculis</span> <span class='ocrx_word' id='word_1_143' title='bbox 1400 1597 1554 1662; x_wconf 88' lang='lat' dir='ltr'>personae</span> <span class='ocrx_word' id='word_1_144' title='bbox 1577 1580 1617 1642; x_wconf 92' lang='lat' dir='ltr'>ita</span> <span class='ocrx_word' id='word_1_145' title='bbox 1639 1578 1789 1651; x_wconf 78' lang='lat' dir='ltr'>inhaeret,</span> <span class='ocrx_word' id='word_1_146' title='bbox 1824 1586 1857 1641; x_wconf 85' lang='lat' dir='ltr'>ut</span> <span class='ocrx_word' id='word_1_147' title='bbox 1885 1596 2000 1642; x_wconf 90' lang='lat' dir='ltr'>soenue</span> <span class='ocrx_word' id='word_1_148' title='bbox 2035 1624 2037 1631; x_wconf 61' lang='grc'><strong><em>«</em></strong></span> 
     </span>
     <span class='ocr_line' id='line_1_13' title="bbox 355 1692 2031 1781; baseline -0.002 -18"><span class='ocrx_word' id='word_1_149' title='bbox 355 1700 415 1781; x_wconf 85' lang='lat' dir='ltr'>dici</span> <span class='ocrx_word' id='word_1_150' title='bbox 437 1699 490 1762; x_wconf 85' lang='lat' dir='ltr'>uix</span> <span class='ocrx_word' id='word_1_151' title='bbox 512 1692 647 1781; x_wconf 79' lang='lat' dir='ltr'>queal&#39;).</span> <span class='ocrx_word' id='word_1_152' title='bbox 669 1696 745 1760; x_wconf 90' lang='lat' dir='ltr'>Num</span> <span class='ocrx_word' id='word_1_153' title='bbox 768 1696 857 1760; x_wconf 87' lang='lat' dir='ltr'>deest</span> <span class='ocrx_word' id='word_1_154' title='bbox 880 1697 909 1760; x_wconf 91' lang='lat' dir='ltr'>ei</span> <span class='ocrx_word' id='word_1_155' title='bbox 932 1698 1102 1760; x_wconf 84' lang='lat' dir='ltr'>constantie</span> <span class='ocrx_word' id='word_1_156' title='bbox 1125 1696 1275 1779; x_wconf 90' lang='lat' dir='ltr'>quaedem</span> <span class='ocrx_word' id='word_1_157' title='bbox 1299 1705 1360 1771; x_wconf 87' lang='lat' dir='ltr'>eut,</span> <span class='ocrx_word' id='word_1_158' title='bbox 1382 1706 1415 1762; x_wconf 91' lang='lat' dir='ltr'>ut</span> <span class='ocrx_word' id='word_1_159' title='bbox 1437 1698 1478 1761; x_wconf 89' lang='lat' dir='ltr'>ite</span> <span class='ocrx_word' id='word_1_160' title='bbox 1492 1697 1600 1770; x_wconf 86' lang='lat' dir='ltr'>dicam,</span> <span class='ocrx_word' id='word_1_161' title='bbox 1623 1697 1737 1771; x_wconf 73' lang='lat' dir='ltr'>unitas,</span> <span class='ocrx_word' id='word_1_162' title='bbox 1762 1696 1850 1761; x_wconf 87' lang='lat' dir='ltr'>deest</span> <span class='ocrx_word' id='word_1_163' title='bbox 1870 1697 1943 1761; x_wconf 91' lang='lat' dir='ltr'>illud</span> <span class='ocrx_word' id='word_1_164' title='bbox 1965 1695 2031 1779; x_wconf 85' lang='grc' dir='ltr'>ὁμα</span> 
     </span>
     <span class='ocr_line' id='line_1_14' title="bbox 356 1808 2024 1899; baseline -0.002 -20"><span class='ocrx_word' id='word_1_165' title='bbox 356 1816 437 1899; x_wconf 92' lang='lat' dir='ltr'>qnod</span> <span class='ocrx_word' id='word_1_166' title='bbox 459 1822 550 1880; x_wconf 84' lang='lat' dir='ltr'>vocat</span> <span class='ocrx_word' id='word_1_167' title='bbox 570 1808 807 1893; x_wconf 81' lang='lat' dir='ltr'>Aristotelos⁸);</span> <span class='ocrx_word' id='word_1_168' title='bbox 839 1813 927 1877; x_wconf 89' lang='lat' dir='ltr'>deest</span> <span class='ocrx_word' id='word_1_169' title='bbox 956 1822 1041 1878; x_wconf 90' lang='lat' dir='ltr'>certe</span> <span class='ocrx_word' id='word_1_170' title='bbox 1071 1813 1221 1896; x_wconf 89' lang='lat' dir='ltr'>quaedam</span> <span class='ocrx_word' id='word_1_171' title='bbox 1253 1822 1283 1877; x_wconf 90' lang='lat' dir='ltr'>et</span> <span class='ocrx_word' id='word_1_172' title='bbox 1305 1813 1502 1877; x_wconf 88' lang='lat' dir='ltr'>immutabilis</span> <span class='ocrx_word' id='word_1_173' title='bbox 1524 1812 1655 1886; x_wconf 86' lang='lat' dir='ltr'>indoles,</span> <span class='ocrx_word' id='word_1_174' title='bbox 1690 1832 1749 1895; x_wconf 89' lang='lat' dir='ltr'>qua</span> <span class='ocrx_word' id='word_1_175' title='bbox 1779 1813 1957 1896; x_wconf 89' lang='lat' dir='ltr'>neutiquam</span> <span class='ocrx_word' id='word_1_176' title='bbox 1989 1832 2024 1876; x_wconf 90' lang='lat' dir='ltr'>ce</span> 
     </span>
     <span class='ocr_line' id='line_1_15' title="bbox 354 1930 2036 2016; baseline -0.004 -18"><span class='ocrx_word' id='word_1_177' title='bbox 354 1941 457 2016; x_wconf 88' lang='lat' dir='ltr'>potest</span> <span class='ocrx_word' id='word_1_178' title='bbox 477 1950 612 2015; x_wconf 89' lang='lat' dir='ltr'>persona</span> <span class='ocrx_word' id='word_1_179' title='bbox 635 1932 763 2013; x_wconf 88' lang='lat' dir='ltr'>tragica.</span> <span class='ocrx_word' id='word_1_180' title='bbox 786 1931 865 1994; x_wconf 88' lang='lat' dir='ltr'>Miro</span> <span class='ocrx_word' id='word_1_181' title='bbox 887 1930 979 1994; x_wconf 90' lang='lat' dir='ltr'>modo</span> <span class='ocrx_word' id='word_1_182' title='bbox 1003 1931 1129 1995; x_wconf 84' lang='lat' dir='ltr'>Alcides</span> <span class='ocrx_word' id='word_1_183' title='bbox 1152 1933 1277 1995; x_wconf 89' lang='lat' dir='ltr'>lluclnat</span> <span class='ocrx_word' id='word_1_184' title='bbox 1299 1932 1379 1993; x_wconf 88' lang='lat' dir='ltr'>inter</span> <span class='ocrx_word' id='word_1_185' title='bbox 1401 1932 1517 1993; x_wconf 85' lang='lat' dir='ltr'>serium</span> <span class='ocrx_word' id='word_1_186' title='bbox 1542 1938 1573 1993; x_wconf 92' lang='lat' dir='ltr'>et</span> <span class='ocrx_word' id='word_1_187' title='bbox 1590 1931 1705 2012; x_wconf 88' lang='lat' dir='ltr'>jocum,</span> <span class='ocrx_word' id='word_1_188' title='bbox 1735 1931 1816 1993; x_wconf 89' lang='lat' dir='ltr'>inter</span> <span class='ocrx_word' id='word_1_189' title='bbox 1837 1932 1955 1993; x_wconf 86' lang='lat' dir='ltr'>tristem</span> <span class='ocrx_word' id='word_1_190' title='bbox 1979 1948 2036 1993; x_wconf 89' lang='lat' dir='ltr'>sev</span> 
     </span>
     <span class='ocr_line' id='line_1_16' title="bbox 355 2047 2041 2132; baseline -0.003 -16"><span class='ocrx_word' id='word_1_191' title='bbox 355 2058 447 2116; x_wconf 87' lang='lat' dir='ltr'>tatem</span> <span class='ocrx_word' id='word_1_192' title='bbox 470 2050 675 2132; x_wconf 87' lang='lat' dir='ltr'>frivolumque</span> <span class='ocrx_word' id='word_1_193' title='bbox 697 2048 861 2125; x_wconf 90' lang='lat' dir='ltr'>licentiam,</span> <span class='ocrx_word' id='word_1_194' title='bbox 884 2048 964 2111; x_wconf 88' lang='lat' dir='ltr'>inter</span> <span class='ocrx_word' id='word_1_195' title='bbox 987 2049 1128 2113; x_wconf 89' lang='lat' dir='ltr'>cothurni</span> <span class='ocrx_word' id='word_1_196' title='bbox 1150 2048 1329 2130; x_wconf 87' lang='lat' dir='ltr'>dignitatern</span> <span class='ocrx_word' id='word_1_197' title='bbox 1353 2056 1383 2111; x_wconf 88' lang='lat' dir='ltr'>et</span> <span class='ocrx_word' id='word_1_198' title='bbox 1404 2050 1490 2111; x_wconf 89' lang='lat' dir='ltr'>socci</span> <span class='ocrx_word' id='word_1_199' title='bbox 1502 2049 1667 2124; x_wconf 88' lang='lat' dir='ltr'>levitatem,</span> <span class='ocrx_word' id='word_1_200' title='bbox 1690 2056 1722 2111; x_wconf 92' lang='lat' dir='ltr'>ut</span> <span class='ocrx_word' id='word_1_201' title='bbox 1744 2066 1824 2111; x_wconf 92' lang='lat' dir='ltr'>unus</span> <span class='ocrx_word' id='word_1_202' title='bbox 1847 2057 1878 2112; x_wconf 87' lang='lat' dir='ltr'>et</span> <span class='ocrx_word' id='word_1_203' title='bbox 1896 2047 2040 2111; x_wconf 90' lang='lat' dir='ltr'>idemha</span> 
     </span>
     <span class='ocr_line' id='line_1_17' title="bbox 355 2164 2037 2250; baseline -0.004 -17"><span class='ocrx_word' id='word_1_204' title='bbox 355 2171 408 2234; x_wconf 79' lang='lat' dir='ltr'>vix</span> <span class='ocrx_word' id='word_1_205' title='bbox 429 2170 539 2250; x_wconf 86' lang='lat' dir='ltr'>possit.</span> <span class='ocrx_word' id='word_1_206' title='bbox 572 2169 661 2231; x_wconf 90' lang='lat' dir='ltr'>Nunc</span> <span class='ocrx_word' id='word_1_207' title='bbox 687 2166 867 2230; x_wconf 86' lang='lat' dir='ltr'>bellatorem</span> <span class='ocrx_word' id='word_1_208' title='bbox 891 2167 965 2249; x_wconf 88' lang='lat' dir='ltr'>agit,</span> <span class='ocrx_word' id='word_1_209' title='bbox 994 2176 1027 2230; x_wconf 90' lang='lat' dir='ltr'>ut</span> <span class='ocrx_word' id='word_1_210' title='bbox 1055 2167 1154 2244; x_wconf 83' lang='lat' dir='ltr'>fortis,</span> <span class='ocrx_word' id='word_1_211' title='bbox 1195 2183 1277 2229; x_wconf 90' lang='lat' dir='ltr'>nunc</span> <span class='ocrx_word' id='word_1_212' title='bbox 1306 2164 1471 2245; x_wconf 79' lang='lat' dir='ltr'>Omphales</span> <span class='ocrx_word' id='word_1_213' title='bbox 1494 2182 1630 2237; x_wconf 87' lang='lat' dir='ltr'>servum,</span> <span class='ocrx_word' id='word_1_214' title='bbox 1663 2172 1696 2227; x_wconf 90' lang='lat' dir='ltr'>nl</span> <span class='ocrx_word' id='word_1_215' title='bbox 1721 2164 1842 2246; x_wconf 88' lang='lat' dir='ltr'>perdite</span> <span class='ocrx_word' id='word_1_216' title='bbox 1864 2183 1979 2242; x_wconf 84' lang='lat' dir='ltr'>amans,</span> <span class='ocrx_word' id='word_1_217' title='bbox 2018 2183 2037 2226; x_wconf 93' lang='lat' dir='ltr'>n</span> 
     </span>
     <span class='ocr_line' id='line_1_18' title="bbox 356 2282 2020 2370; baseline -0.004 -19"><span class='ocrx_word' id='word_1_218' title='bbox 356 2287 491 2370; x_wconf 91' lang='lat' dir='ltr'>denique</span> <span class='ocrx_word' id='word_1_219' title='bbox 513 2294 687 2368; x_wconf 81' lang='lat' dir='ltr'>satyrorum</span> <span class='ocrx_word' id='word_1_220' title='bbox 711 2283 925 2347; x_wconf 88' lang='lat' dir='ltr'>combibonem</span> <span class='ocrx_word' id='word_1_221' title='bbox 948 2302 1250 2367; x_wconf 89' lang='lat' dir='ltr'>congerronemqne‚</span> <span class='ocrx_word' id='word_1_222' title='bbox 1273 2289 1306 2345; x_wconf 91' lang='lat' dir='ltr'>ut</span> <span class='ocrx_word' id='word_1_223' title='bbox 1326 2282 1404 2346; x_wconf 87' lang='lat' dir='ltr'>levis</span> <span class='ocrx_word' id='word_1_224' title='bbox 1428 2290 1459 2345; x_wconf 89' lang='lat' dir='ltr'>et</span> <span class='ocrx_word' id='word_1_225' title='bbox 1481 2282 1648 2346; x_wconf 89' lang='lat' dir='ltr'>dissolutus</span> <span class='ocrx_word' id='word_1_226' title='bbox 1672 2301 1745 2345; x_wconf 90' lang='lat' dir='ltr'>esse</span> <span class='ocrx_word' id='word_1_227' title='bbox 1767 2283 1912 2352; x_wconf 86' lang='lat' dir='ltr'>videatur.</span> <span class='ocrx_word' id='word_1_228' title='bbox 1935 2284 2020 2356; x_wconf 80' lang='lat' dir='ltr'>Quae</span> 
     </span>
     <span class='ocr_line' id='line_1_19' title="bbox 356 2398 2026 2488; baseline -0.005 -19"><span class='ocrx_word' id='word_1_229' title='bbox 356 2407 450 2488; x_wconf 87' lang='lat' dir='ltr'>igitur</span> <span class='ocrx_word' id='word_1_230' title='bbox 471 2422 605 2485; x_wconf 90' lang='lat' dir='ltr'>unquam</span> <span class='ocrx_word' id='word_1_231' title='bbox 635 2405 667 2465; x_wconf 92' lang='lat' dir='ltr'>in</span> <span class='ocrx_word' id='word_1_232' title='bbox 695 2402 756 2464; x_wconf 91' lang='lat' dir='ltr'>nlla</span> <span class='ocrx_word' id='word_1_233' title='bbox 784 2419 917 2482; x_wconf 88' lang='lat' dir='ltr'>persone</span> <span class='ocrx_word' id='word_1_234' title='bbox 939 2410 1021 2465; x_wconf 81' lang='grc' dir='ltr'>ιιιιιιι</span> <span class='ocrx_word' id='word_1_235' title='bbox 1044 2403 1201 2464; x_wconf 80' lang='lat' dir='ltr'>varietas?</span> <span class='ocrx_word' id='word_1_236' title='bbox 1234 2400 1412 2463; x_wconf 88' lang='lat' dir='ltr'>varietatem</span> <span class='ocrx_word' id='word_1_237' title='bbox 1436 2398 1529 2462; x_wconf 77' lang='lat' dir='ltr'>dicul</span> <span class='ocrx_word' id='word_1_238' title='bbox 1561 2400 1679 2471; x_wconf 89' lang='lat' dir='ltr'>nescio,</span> <span class='ocrx_word' id='word_1_239' title='bbox 1711 2418 1750 2462; x_wconf 92' lang='lat' dir='ltr'>en</span> <span class='ocrx_word' id='word_1_240' title='bbox 1778 2400 1880 2481; x_wconf 88' lang='lat' dir='ltr'>potius</span> <span class='ocrx_word' id='word_1_241' title='bbox 1910 2399 2026 2481; x_wconf 87' lang='lat' dir='ltr'>farragi</span> 
     </span>
     <span class='ocr_line' id='line_1_20' title="bbox 357 2515 2043 2601; baseline -0.004 -18"><span class='ocrx_word' id='word_1_242' title='bbox 357 2519 463 2583; x_wconf 89' lang='lat' dir='ltr'>dicere</span> <span class='ocrx_word' id='word_1_243' title='bbox 485 2519 612 2600; x_wconf 86' lang='lat' dir='ltr'>possim.</span> <span class='ocrx_word' id='word_1_244' title='bbox 635 2517 744 2600; x_wconf 86' lang='lat' dir='ltr'>Neque</span> <span class='ocrx_word' id='word_1_245' title='bbox 765 2516 795 2581; x_wconf 94' lang='lat' dir='ltr'>id</span> <span class='ocrx_word' id='word_1_246' title='bbox 819 2518 939 2595; x_wconf 89' lang='lat' dir='ltr'>mirum,</span> <span class='ocrx_word' id='word_1_247' title='bbox 962 2519 1105 2601; x_wconf 88' lang='lat' dir='ltr'>quoniam</span> <span class='ocrx_word' id='word_1_248' title='bbox 1129 2517 1259 2601; x_wconf 77' lang='lat' dir='ltr'>mythus,</span> <span class='ocrx_word' id='word_1_249' title='bbox 1289 2536 1381 2599; x_wconf 89' lang='lat' dir='ltr'>quem</span> <span class='ocrx_word' id='word_1_250' title='bbox 1405 2525 1524 2594; x_wconf 81' lang='lat' dir='ltr'>vocant,</span> <span class='ocrx_word' id='word_1_251' title='bbox 1547 2517 1748 2591; x_wconf 88' lang='lat' dir='ltr'>Heroulenos,</span> <span class='ocrx_word' id='word_1_252' title='bbox 1772 2524 1918 2597; x_wconf 89' lang='lat' dir='ltr'>utsupra</span> <span class='ocrx_word' id='word_1_253' title='bbox 1938 2517 2000 2598; x_wconf 90' lang='lat' dir='ltr'>jam</span> <span class='ocrx_word' id='word_1_254' title='bbox 2024 2515 2043 2577; x_wconf 94' lang='lat' dir='ltr'>d</span> 
     </span>
     <span class='ocr_line' id='line_1_21' title="bbox 357 2633 2049 2727; baseline -0.001 -27"><span class='ocrx_word' id='word_1_255' title='bbox 357 2656 397 2701; x_wconf 88' lang='lat' dir='ltr'>ex</span> <span class='ocrx_word' id='word_1_256' title='bbox 419 2645 462 2700; x_wconf 92' lang='lat' dir='ltr'>tot</span> <span class='ocrx_word' id='word_1_257' title='bbox 484 2643 607 2717; x_wconf 90' lang='lat' dir='ltr'>lamque</span> <span class='ocrx_word' id='word_1_258' title='bbox 630 2633 762 2697; x_wconf 90' lang='lat' dir='ltr'>diversis</span> <span class='ocrx_word' id='word_1_259' title='bbox 785 2633 907 2707; x_wconf 82' lang='lat' dir='ltr'>subulis,</span> <span class='ocrx_word' id='word_1_260' title='bbox 932 2653 1011 2716; x_wconf 89' lang='lat' dir='ltr'>quae</span> <span class='ocrx_word' id='word_1_261' title='bbox 1035 2635 1120 2698; x_wconf 85' lang='lat' dir='ltr'>initio</span> <span class='ocrx_word' id='word_1_262' title='bbox 1143 2634 1181 2698; x_wconf 92' lang='lat' dir='ltr'>ed</span> <span class='ocrx_word' id='word_1_263' title='bbox 1203 2635 1309 2716; x_wconf 90' lang='lat' dir='ltr'>plures</span> <span class='ocrx_word' id='word_1_264' title='bbox 1332 2636 1532 2718; x_wconf 88' lang='lat' dir='ltr'>pertinerent,</span> <span class='ocrx_word' id='word_1_265' title='bbox 1555 2635 1691 2718; x_wconf 90' lang='lat' dir='ltr'>undique</span> <span class='ocrx_word' id='word_1_266' title='bbox 1708 2636 1858 2699; x_wconf 88' lang='lat' dir='ltr'>conlletus</span> <span class='ocrx_word' id='word_1_267' title='bbox 1881 2634 2049 2727; x_wconf 83' lang='lat' dir='ltr'>essevtde</span> 
     </span>
     <span class='ocr_line' id='line_1_22' title="bbox 356 2750 1894 2836; baseline -0.001 -18"><span class='ocrx_word' id='word_1_268' title='bbox 356 2757 442 2829; x_wconf 77' lang='lat' dir='ltr'>orreo</span> <span class='ocrx_word' id='word_1_269' title='bbox 465 2770 558 2835; x_wconf 90' lang='lat' dir='ltr'>quum</span> <span class='ocrx_word' id='word_1_270' title='bbox 580 2753 621 2814; x_wconf 89' lang='lat' dir='ltr'>ita</span> <span class='ocrx_word' id='word_1_271' title='bbox 644 2751 713 2828; x_wconf 88' lang='lat' dir='ltr'>sint,</span> <span class='ocrx_word' id='word_1_272' title='bbox 737 2767 827 2831; x_wconf 90' lang='lat' dir='ltr'>quarn</span> <span class='ocrx_word' id='word_1_273' title='bbox 850 2768 958 2831; x_wconf 91' lang='lat' dir='ltr'>parum</span> <span class='ocrx_word' id='word_1_274' title='bbox 981 2750 1124 2815; x_wconf 89' lang='lat' dir='ltr'>Herculis</span> <span class='ocrx_word' id='word_1_275' title='bbox 1148 2769 1313 2833; x_wconf 91' lang='lat' dir='ltr'>personam</span> <span class='ocrx_word' id='word_1_276' title='bbox 1335 2752 1516 2836; x_wconf 82' lang='lat' dir='ltr'>tragoediae</span> <span class='ocrx_word' id='word_1_277' title='bbox 1540 2761 1719 2833; x_wconf 83' lang='lat' dir='ltr'>competere</span> <span class='ocrx_word' id='word_1_278' title='bbox 1742 2752 1894 2818; x_wconf 84' lang='lat' dir='ltr'>dicamus!</span> 
     </span>
    </p>

    <p class='ocr_par' dir='ltr' id='par_1_3' title="bbox 292 2866 2050 4003">
     <span class='ocr_line' id='line_1_23' title="bbox 482 2866 2050 2953; baseline 0.003 -23"><span class='ocrx_word' id='word_1_279' title='bbox 482 2867 513 2949; x_wconf 60' lang='grc' dir='ltr'>ξ.</span> <span class='ocrx_word' id='word_1_280' title='bbox 535 2866 586 2930; x_wconf 84' lang='grc'>48.</span> <span class='ocrx_word' id='word_1_281' title='bbox 610 2868 711 2930; x_wconf 91' lang='lat' dir='ltr'>Nihilo</span> <span class='ocrx_word' id='word_1_282' title='bbox 734 2875 836 2929; x_wconf 90' lang='lat' dir='ltr'>temen</span> <span class='ocrx_word' id='word_1_283' title='bbox 859 2867 963 2930; x_wconf 90' lang='lat' dir='ltr'>secius</span> <span class='ocrx_word' id='word_1_284' title='bbox 987 2866 1087 2945; x_wconf 85' lang='lat' dir='ltr'>luere,</span> <span class='ocrx_word' id='word_1_285' title='bbox 1117 2870 1169 2951; x_wconf 93' lang='lat' dir='ltr'>qui</span> <span class='ocrx_word' id='word_1_286' title='bbox 1196 2868 1501 2952; x_wconf 79' lang='lat' dir='ltr'>Amphitryoniadem</span> <span class='ocrx_word' id='word_1_287' title='bbox 1530 2889 1549 2932; x_wconf 92' lang='lat' dir='ltr'>e</span> <span class='ocrx_word' id='word_1_288' title='bbox 1570 2869 1732 2953; x_wconf 87' lang='lat' dir='ltr'>tragoedia</span> <span class='ocrx_word' id='word_1_289' title='bbox 1763 2871 1907 2935; x_wconf 88' lang='lat' dir='ltr'>exsulare</span> <span class='ocrx_word' id='word_1_290' title='bbox 1935 2871 2050 2936; x_wconf 87' lang='lat' dir='ltr'>nollent</span> 
     </span>
     <span class='ocr_line' id='line_1_24' title="bbox 356 2981 2047 3072; baseline 0.001 -22"><span class='ocrx_word' id='word_1_291' title='bbox 356 2987 393 3050; x_wconf 87' lang='lat' dir='ltr'>Et</span> <span class='ocrx_word' id='word_1_292' title='bbox 415 2992 447 3048; x_wconf 89' lang='lat' dir='ltr'>ul</span> <span class='ocrx_word' id='word_1_293' title='bbox 468 2993 586 3048; x_wconf 87' lang='lat' dir='ltr'>luceam</span> <span class='ocrx_word' id='word_1_294' title='bbox 610 2981 786 3065; x_wconf 87' lang='lat' dir='ltr'>deperditas</span> <span class='ocrx_word' id='word_1_295' title='bbox 810 2981 939 3057; x_wconf 82' lang='lat' dir='ltr'>fabulas,</span> <span class='ocrx_word' id='word_1_296' title='bbox 973 2984 1004 3046; x_wconf 92' lang='lat' dir='ltr'>in</span> <span class='ocrx_word' id='word_1_297' title='bbox 1035 2985 1147 3066; x_wconf 91' lang='lat' dir='ltr'>quibus</span> <span class='ocrx_word' id='word_1_298' title='bbox 1177 2986 1246 3069; x_wconf 76' lang='lat' dir='ltr'>eius</span> <span class='ocrx_word' id='word_1_299' title='bbox 1268 3005 1435 3067; x_wconf 90' lang='lat' dir='ltr'>personam</span> <span class='ocrx_word' id='word_1_300' title='bbox 1458 2989 1672 3069; x_wconf 89' lang='lat' dir='ltr'>comperuisse</span> <span class='ocrx_word' id='word_1_301' title='bbox 1694 2990 1820 3065; x_wconf 88' lang='lat' dir='ltr'>scimus,</span> <span class='ocrx_word' id='word_1_302' title='bbox 1851 2989 1889 3052; x_wconf 91' lang='lat' dir='ltr'>ed</span> <span class='ocrx_word' id='word_1_303' title='bbox 1920 3008 1996 3072; x_wconf 86' lang='lat' dir='ltr'>quas</span> <span class='ocrx_word' id='word_1_304' title='bbox 2018 3008 2047 3051; x_wconf 87' lang='lat' dir='ltr'>v.</span> 
     </span>
     <span class='ocr_line' id='line_1_25' title="bbox 354 3099 2049 3192; baseline 0 -25"><span class='ocrx_word' id='word_1_305' title='bbox 354 3102 501 3167; x_wconf 89' lang='lat' dir='ltr'>Athemas</span> <span class='ocrx_word' id='word_1_306' title='bbox 531 3103 795 3185; x_wconf 75' lang='lat' dir='ltr'>orepovopopoio</span> <span class='ocrx_word' id='word_1_307' title='bbox 823 3099 995 3180; x_wconf 85' lang='lat' dir='ltr'>Sophoclis,</span> <span class='ocrx_word' id='word_1_308' title='bbox 1026 3101 1225 3166; x_wconf 85' lang='lat' dir='ltr'>Prometheus</span> <span class='ocrx_word' id='word_1_309' title='bbox 1255 3105 1411 3186; x_wconf 80' lang='grc' dir='ltr'><strong><em>λυόμενος</em></strong></span> <span class='ocrx_word' id='word_1_310' title='bbox 1433 3105 1590 3187; x_wconf 74' lang='lat' dir='ltr'>Aeschyli,</span> <span class='ocrx_word' id='word_1_311' title='bbox 1623 3105 1774 3168; x_wconf 88' lang='lat' dir='ltr'>Hercules</span> <span class='ocrx_word' id='word_1_312' title='bbox 1803 3105 2049 3192; x_wconf 79' lang='grc' dir='ltr'><strong><em>παραφόροςΕ</em></strong></span> 
     </span>
     <span class='ocr_line' id='line_1_26' title="bbox 356 3215 2049 3302; baseline 0 -20"><span class='ocrx_word' id='word_1_313' title='bbox 356 3215 516 3299; x_wconf 80' lang='lat' dir='ltr'>charmi⁸),</span> <span class='ocrx_word' id='word_1_314' title='bbox 540 3219 617 3281; x_wconf 90' lang='lat' dir='ltr'>aliae</span> <span class='ocrx_word' id='word_1_315' title='bbox 640 3218 802 3298; x_wconf 88' lang='lat' dir='ltr'>pertinent,</span> <span class='ocrx_word' id='word_1_316' title='bbox 826 3250 866 3261; x_wconf 95' lang='lat'>-</span> <span class='ocrx_word' id='word_1_317' title='bbox 888 3225 922 3279; x_wconf 91' lang='lat' dir='ltr'>ut</span> <span class='ocrx_word' id='word_1_318' title='bbox 943 3218 998 3281; x_wconf 89' lang='lat' dir='ltr'>has</span> <span class='ocrx_word' id='word_1_319' title='bbox 1021 3219 1259 3302; x_wconf 84' lang='lat' dir='ltr'>igiturtaoeam,</span> <span class='ocrx_word' id='word_1_320' title='bbox 1282 3222 1358 3283; x_wconf 86' lang='lat' dir='ltr'>setis</span> <span class='ocrx_word' id='word_1_321' title='bbox 1381 3219 1481 3285; x_wconf 90' lang='lat' dir='ltr'>habeo</span> <span class='ocrx_word' id='word_1_322' title='bbox 1504 3220 1544 3284; x_wconf 91' lang='lat' dir='ltr'>de</span> <span class='ocrx_word' id='word_1_323' title='bbox 1559 3222 1597 3283; x_wconf 92' lang='lat' dir='ltr'>iis</span> <span class='ocrx_word' id='word_1_324' title='bbox 1612 3239 1867 3294; x_wconf 88' lang='lat' dir='ltr'>commemorare,</span> <span class='ocrx_word' id='word_1_325' title='bbox 1891 3238 1967 3302; x_wconf 91' lang='lat' dir='ltr'>quas</span> <span class='ocrx_word' id='word_1_326' title='bbox 1991 3221 2049 3283; x_wconf 87' lang='lat' dir='ltr'>etia</span> 
     </span>
     <span class='ocr_line' id='line_1_27' title="bbox 354 3333 2049 3421; baseline 0 -19"><span class='ocrx_word' id='word_1_327' title='bbox 354 3356 435 3402; x_wconf 92' lang='lat' dir='ltr'>nuno</span> <span class='ocrx_word' id='word_1_328' title='bbox 457 3338 489 3400; x_wconf 92' lang='lat' dir='ltr'>in</span> <span class='ocrx_word' id='word_1_329' title='bbox 511 3335 651 3398; x_wconf 88' lang='lat' dir='ltr'>menibus</span> <span class='ocrx_word' id='word_1_330' title='bbox 673 3333 831 3398; x_wconf 85' lang='lat' dir='ltr'>hahemus.</span> <span class='ocrx_word' id='word_1_331' title='bbox 866 3334 972 3416; x_wconf 90' lang='lat' dir='ltr'>ltaque</span> <span class='ocrx_word' id='word_1_332' title='bbox 995 3336 1025 3398; x_wconf 95' lang='lat' dir='ltr'>in</span> <span class='ocrx_word' id='word_1_333' title='bbox 1048 3354 1177 3400; x_wconf 88' lang='lat' dir='ltr'>censum</span> <span class='ocrx_word' id='word_1_334' title='bbox 1199 3338 1340 3401; x_wconf 86' lang='lat' dir='ltr'>veniunt:</span> <span class='ocrx_word' id='word_1_335' title='bbox 1369 3339 1530 3421; x_wconf 89' lang='lat' dir='ltr'>Sophoclis</span> <span class='ocrx_word' id='word_1_336' title='bbox 1553 3339 1747 3412; x_wconf 83' lang='lat' dir='ltr'>Philoctetes,</span> <span class='ocrx_word' id='word_1_337' title='bbox 1778 3337 1974 3411; x_wconf 78' lang='lat' dir='ltr'>Trachiniee3</span> <span class='ocrx_word' id='word_1_338' title='bbox 2008 3338 2049 3402; x_wconf 84' lang='lat' dir='ltr'>Eu</span> 
     </span>
     <span class='ocr_line' id='line_1_28' title="bbox 354 3450 2030 3538; baseline 0 -21"><span class='ocrx_word' id='word_1_339' title='bbox 354 3455 433 3536; x_wconf 91' lang='lat' dir='ltr'>pidis</span> <span class='ocrx_word' id='word_1_340' title='bbox 464 3453 615 3517; x_wconf 86' lang='lat' dir='ltr'>Hercules</span> <span class='ocrx_word' id='word_1_341' title='bbox 645 3450 764 3526; x_wconf 80' lang='lat' dir='ltr'>furens,</span> <span class='ocrx_word' id='word_1_342' title='bbox 791 3451 936 3514; x_wconf 88' lang='lat' dir='ltr'>Alcestis.</span> <span class='ocrx_word' id='word_1_343' title='bbox 969 3451 1055 3529; x_wconf 91' lang='lat' dir='ltr'>Nam,</span> <span class='ocrx_word' id='word_1_344' title='bbox 1091 3472 1169 3535; x_wconf 88' lang='lat' dir='ltr'>quae</span> <span class='ocrx_word' id='word_1_345' title='bbox 1201 3455 1375 3538; x_wconf 82' lang='lat' dir='ltr'>Aeschylea</span> <span class='ocrx_word' id='word_1_346' title='bbox 1404 3456 1442 3519; x_wconf 92' lang='lat' dir='ltr'>ed</span> <span class='ocrx_word' id='word_1_347' title='bbox 1471 3456 1549 3520; x_wconf 90' lang='lat' dir='ltr'>haec</span> <span class='ocrx_word' id='word_1_348' title='bbox 1578 3464 1716 3538; x_wconf 86' lang='lat' dir='ltr'>tempore</span> <span class='ocrx_word' id='word_1_349' title='bbox 1746 3464 1962 3537; x_wconf 85' lang='lat' dir='ltr'>pervenerunt,</span> <span class='ocrx_word' id='word_1_350' title='bbox 1998 3456 2030 3518; x_wconf 94' lang='lat' dir='ltr'>in</span> 
     </span>
     <span class='ocr_line' id='line_1_29' title="bbox 356 3569 2046 3656; baseline 0.002 -23"><span class='ocrx_word' id='word_1_351' title='bbox 356 3571 503 3636; x_wconf 85' lang='lat' dir='ltr'>Hercules</span> <span class='ocrx_word' id='word_1_352' title='bbox 527 3578 627 3635; x_wconf 85' lang='lat' dir='ltr'>exstet</span> <span class='ocrx_word' id='word_1_353' title='bbox 649 3570 761 3632; x_wconf 87' lang='lat' dir='ltr'>nullus.</span> <span class='ocrx_word' id='word_1_354' title='bbox 785 3569 901 3642; x_wconf 82' lang='lat' dir='ltr'>Quibus</span> <span class='ocrx_word' id='word_1_355' title='bbox 925 3569 952 3632; x_wconf 92' lang='lat' dir='ltr'>si</span> <span class='ocrx_word' id='word_1_356' title='bbox 974 3571 1114 3634; x_wconf 86' lang='lat' dir='ltr'>Senecae</span> <span class='ocrx_word' id='word_1_357' title='bbox 1126 3571 1292 3635; x_wconf 88' lang='lat' dir='ltr'>Herculem</span> <span class='ocrx_word' id='word_1_358' title='bbox 1306 3573 1455 3638; x_wconf 84' lang='lat' dir='ltr'>Oetaeum</span> <span class='ocrx_word' id='word_1_359' title='bbox 1478 3574 1595 3637; x_wconf 90' lang='lat' dir='ltr'>addere</span> <span class='ocrx_word' id='word_1_360' title='bbox 1609 3575 1696 3646; x_wconf 86' lang='lat' dir='ltr'>velis,</span> <span class='ocrx_word' id='word_1_361' title='bbox 1720 3574 1762 3636; x_wconf 93' lang='lat' dir='ltr'>nil</span> <span class='ocrx_word' id='word_1_362' title='bbox 1785 3591 1899 3646; x_wconf 92' lang='lat' dir='ltr'>moror,</span> <span class='ocrx_word' id='word_1_363' title='bbox 1924 3592 2046 3656; x_wconf 89' lang='lat' dir='ltr'>quenqu</span> 
     </span>
     <span class='ocr_line' id='line_1_30' title="bbox 339 3686 2049 3777; baseline 0.002 -27"><span class='ocrx_word' id='word_1_364' title='bbox 339 3688 415 3777; x_wconf 72' lang='lat' dir='ltr'>vltoc</span> <span class='ocrx_word' id='word_1_365' title='bbox 438 3689 558 3769; x_wconf 87' lang='lat' dir='ltr'>quidem</span> <span class='ocrx_word' id='word_1_366' title='bbox 581 3689 652 3753; x_wconf 91' lang='lat' dir='ltr'>loco</span> <span class='ocrx_word' id='word_1_367' title='bbox 676 3687 715 3749; x_wconf 88' lang='lat' dir='ltr'>do</span> <span class='ocrx_word' id='word_1_368' title='bbox 738 3686 887 3751; x_wconf 86' lang='lat' dir='ltr'>vilissimo</span> <span class='ocrx_word' id='word_1_369' title='bbox 911 3706 1008 3769; x_wconf 88' lang='lat' dir='ltr'>opere</span> <span class='ocrx_word' id='word_1_370' title='bbox 1031 3688 1130 3752; x_wconf 88' lang='lat' dir='ltr'>fusius</span> <span class='ocrx_word' id='word_1_371' title='bbox 1153 3689 1315 3753; x_wconf 88' lang='lat' dir='ltr'>disserere</span> <span class='ocrx_word' id='word_1_372' title='bbox 1334 3691 1429 3773; x_wconf 85' lang='lat' dir='ltr'>piget.</span> <span class='ocrx_word' id='word_1_373' title='bbox 1452 3690 1541 3766; x_wconf 85' lang='lat' dir='ltr'>Quod</span> <span class='ocrx_word' id='word_1_374' title='bbox 1564 3692 1615 3773; x_wconf 91' lang='lat' dir='ltr'>qni</span> <span class='ocrx_word' id='word_1_375' title='bbox 1638 3690 1788 3772; x_wconf 83' lang='lat' dir='ltr'>Scaliger,</span> <span class='ocrx_word' id='word_1_376' title='bbox 1812 3687 2023 3772; x_wconf 83' lang='lat' dir='ltr'>Bernesius⁰)‚</span> <span class='ocrx_word' id='word_1_377' title='bbox 2047 3739 2049 3746; x_wconf 89' lang='lat'>.</span> 
     </span>
     <span class='ocr_line' id='line_1_31' title="bbox 355 3803 2049 3890; baseline 0 -21"><span class='ocrx_word' id='word_1_378' title='bbox 355 3805 446 3869; x_wconf 89' lang='lat' dir='ltr'>tentis</span> <span class='ocrx_word' id='word_1_379' title='bbox 469 3805 608 3870; x_wconf 86' lang='lat' dir='ltr'>laudibus</span> <span class='ocrx_word' id='word_1_380' title='bbox 632 3823 745 3869; x_wconf 91' lang='lat' dir='ltr'>ornere</span> <span class='ocrx_word' id='word_1_381' title='bbox 767 3803 932 3885; x_wconf 88' lang='lat' dir='ltr'>potuerint,</span> <span class='ocrx_word' id='word_1_382' title='bbox 954 3822 1017 3868; x_wconf 93' lang='lat' dir='ltr'>non</span> <span class='ocrx_word' id='word_1_383' title='bbox 1039 3823 1202 3888; x_wconf 89' lang='lat' dir='ltr'>assequor.</span> <span class='ocrx_word' id='word_1_384' title='bbox 1230 3807 1291 3870; x_wconf 89' lang='lat' dir='ltr'>lias</span> <span class='ocrx_word' id='word_1_385' title='bbox 1314 3808 1418 3890; x_wconf 86' lang='lat' dir='ltr'>igitur,</span> <span class='ocrx_word' id='word_1_386' title='bbox 1441 3826 1518 3890; x_wconf 90' lang='lat' dir='ltr'>quas</span> <span class='ocrx_word' id='word_1_387' title='bbox 1541 3807 1614 3882; x_wconf 86' lang='lat' dir='ltr'>dixi,</span> <span class='ocrx_word' id='word_1_388' title='bbox 1637 3807 1757 3871; x_wconf 87' lang='lat' dir='ltr'>fabulas</span> <span class='ocrx_word' id='word_1_389' title='bbox 1780 3808 1971 3872; x_wconf 88' lang='lat' dir='ltr'>excutiemus</span> <span class='ocrx_word' id='word_1_390' title='bbox 1994 3806 2049 3871; x_wconf 88' lang='lat' dir='ltr'>vid·</span> 
     </span>
     <span class='ocr_line' id='line_1_32' title="bbox 292 3920 1266 4003; baseline 0.009 -26"><span class='ocrx_word' id='word_1_391' title='bbox 292 3968 298 3977; x_wconf 94' lang='lat'><em>.</em></span> <span class='ocrx_word' id='word_1_392' title='bbox 356 3939 496 4003; x_wconf 87' lang='lat' dir='ltr'>musque,</span> <span class='ocrx_word' id='word_1_393' title='bbox 520 3920 593 4002; x_wconf 92' lang='lat' dir='ltr'>quid</span> <span class='ocrx_word' id='word_1_394' title='bbox 615 3923 646 3985; x_wconf 92' lang='lat' dir='ltr'>in</span> <span class='ocrx_word' id='word_1_395' title='bbox 667 3923 705 3985; x_wconf 90' lang='lat' dir='ltr'>iis</span> <span class='ocrx_word' id='word_1_396' title='bbox 729 3921 769 3985; x_wconf 90' lang='lat' dir='ltr'>de</span> <span class='ocrx_word' id='word_1_397' title='bbox 791 3920 925 3984; x_wconf 89' lang='lat' dir='ltr'>Hercule</span> <span class='ocrx_word' id='word_1_398' title='bbox 948 3921 1102 3985; x_wconf 85' lang='lat' dir='ltr'>duumviri</span> <span class='ocrx_word' id='word_1_399' title='bbox 1124 3923 1266 3988; x_wconf 87' lang='lat' dir='ltr'>fecerint.</span> 
     </span>
    </p>

    <p class='ocr_par' dir='ltr' id='par_1_4' title="bbox 355 4034 2049 4242">
     <span class='ocr_line' id='line_1_33' title="bbox 482 4034 2049 4124; baseline 0.002 -24"><span class='ocrx_word' id='word_1_400' title='bbox 482 4036 512 4120; x_wconf 68' lang='lat'>5.</span> <span class='ocrx_word' id='word_1_401' title='bbox 535 4034 587 4101; x_wconf 82' lang='lat'>49.</span> <span class='ocrx_word' id='word_1_402' title='bbox 610 4038 646 4102; x_wconf 88' lang='lat' dir='ltr'>Et</span> <span class='ocrx_word' id='word_1_403' title='bbox 668 4039 751 4122; x_wconf 90' lang='lat' dir='ltr'>quod</span> <span class='ocrx_word' id='word_1_404' title='bbox 772 4039 810 4102; x_wconf 91' lang='lat' dir='ltr'>ad</span> <span class='ocrx_word' id='word_1_405' title='bbox 833 4039 1030 4104; x_wconf 91' lang='lat' dir='ltr'>Philoctetam</span> <span class='ocrx_word' id='word_1_406' title='bbox 1049 4041 1165 4118; x_wconf 89' lang='lat' dir='ltr'>attinet,</span> <span class='ocrx_word' id='word_1_407' title='bbox 1188 4043 1220 4104; x_wconf 93' lang='lat' dir='ltr'>in</span> <span class='ocrx_word' id='word_1_408' title='bbox 1242 4042 1303 4105; x_wconf 92' lang='lat' dir='ltr'>line</span> <span class='ocrx_word' id='word_1_409' title='bbox 1326 4041 1417 4124; x_wconf 90' lang='lat' dir='ltr'>hujus</span> <span class='ocrx_word' id='word_1_410' title='bbox 1441 4041 1563 4106; x_wconf 83' lang='lat' dir='ltr'>fabulae</span> <span class='ocrx_word' id='word_1_411' title='bbox 1585 4041 1674 4105; x_wconf 86' lang='lat' dir='ltr'>divus</span> <span class='ocrx_word' id='word_1_412' title='bbox 1686 4041 1824 4119; x_wconf 89' lang='lat' dir='ltr'>Alcides,</span> <span class='ocrx_word' id='word_1_413' title='bbox 1846 4049 1951 4124; x_wconf 86' lang='lat' dir='ltr'>utpote</span> <span class='ocrx_word' id='word_1_414' title='bbox 1974 4042 2024 4104; x_wconf 91' lang='lat' dir='ltr'>cui</span> <span class='ocrx_word' id='word_1_415' title='bbox 2047 4073 2049 4092; x_wconf 73' lang='grc' dir='ltr'>ι</span> 
     </span>
     <span class='ocr_line' id='line_1_34' title="bbox 355 4157 2049 4242; baseline 0.001 -20"><span class='ocrx_word' id='word_1_416' title='bbox 355 4176 396 4222; x_wconf 85' lang='lat' dir='ltr'>ex</span> <span class='ocrx_word' id='word_1_417' title='bbox 417 4157 555 4220; x_wconf 89' lang='lat' dir='ltr'>machine</span> <span class='ocrx_word' id='word_1_418' title='bbox 586 4164 688 4238; x_wconf 90' lang='lat' dir='ltr'>parles</span> <span class='ocrx_word' id='word_1_419' title='bbox 720 4166 810 4238; x_wconf 85' lang='lat' dir='ltr'>poete</span> <span class='ocrx_word' id='word_1_420' title='bbox 832 4158 962 4236; x_wconf 92' lang='lat' dir='ltr'>dederit,</span> <span class='ocrx_word' id='word_1_421' title='bbox 995 4159 1027 4221; x_wconf 93' lang='lat' dir='ltr'>in</span> <span class='ocrx_word' id='word_1_422' title='bbox 1052 4161 1233 4240; x_wconf 72' lang='lat' dir='ltr'>deoioyeirp</span> <span class='ocrx_word' id='word_1_423' title='bbox 1263 4168 1391 4240; x_wconf 90' lang='lat' dir='ltr'>apperet</span> <span class='ocrx_word' id='word_1_424' title='bbox 1422 4160 1635 4241; x_wconf 86' lang='lat' dir='ltr'>catastrophae</span> <span class='ocrx_word' id='word_1_425' title='bbox 1658 4168 1783 4233; x_wconf 81' lang='lat' dir='ltr'>auctor3</span> <span class='ocrx_word' id='word_1_426' title='bbox 1820 4160 1914 4242; x_wconf 90' lang='lat' dir='ltr'>idque</span> <span class='ocrx_word' id='word_1_427' title='bbox 1941 4176 1999 4222; x_wconf 89' lang='lat' dir='ltr'>sno</span> <span class='ocrx_word' id='word_1_428' title='bbox 2026 4163 2049 4242; x_wconf 82' lang='lat' dir='ltr'>ji</span> 
     </span>
    </p>
   </div>
   <div class='ocr_carea' id='block_1_3' title="bbox 352 4357 2049 4773">
    <p class='ocr_par' dir='ltr' id='par_1_5' title="bbox 352 4357 2049 4773">
     <span class='ocr_line' id='line_1_35' title="bbox 458 4357 2049 4432; baseline 0.003 -19"><span class='ocrx_word' id='word_1_429' title='bbox 458 4357 483 4427; x_wconf 90' lang='lat'>1)</span> <span class='ocrx_word' id='word_1_430' title='bbox 503 4361 542 4414; x_wconf 82' lang='lat' dir='ltr'>ct.</span> <span class='ocrx_word' id='word_1_431' title='bbox 563 4361 618 4414; x_wconf 85' lang='lat' dir='ltr'>cic.</span> <span class='ocrx_word' id='word_1_432' title='bbox 638 4361 669 4415; x_wconf 89' lang='lat' dir='ltr'>de</span> <span class='ocrx_word' id='word_1_433' title='bbox 683 4362 772 4416; x_wconf 87' lang='lat' dir='ltr'>netur.</span> <span class='ocrx_word' id='word_1_434' title='bbox 792 4362 878 4417; x_wconf 82' lang='lat' dir='ltr'>deorr.</span> <span class='ocrx_word' id='word_1_435' title='bbox 897 4365 940 4432; x_wconf 91' lang='grc' dir='ltr'>ιιι,</span> <span class='ocrx_word' id='word_1_436' title='bbox 960 4364 1007 4418; x_wconf 82' lang='lat' dir='ltr'>lt:</span> <span class='ocrx_word' id='word_1_437' title='bbox 1027 4365 1218 4432; x_wconf 77' lang='lat' dir='ltr'>„Quemquam</span> <span class='ocrx_word' id='word_1_438' title='bbox 1238 4377 1317 4430; x_wconf 87' lang='lat' dir='ltr'>quern</span> <span class='ocrx_word' id='word_1_439' title='bbox 1335 4367 1505 4429; x_wconf 90' lang='lat' dir='ltr'>potissimum</span> <span class='ocrx_word' id='word_1_440' title='bbox 1523 4365 1664 4420; x_wconf 85' lang='lat' dir='ltr'>Herculem</span> <span class='ocrx_word' id='word_1_441' title='bbox 1683 4367 1811 4429; x_wconf 87' lang='lat' dir='ltr'>colamus,</span> <span class='ocrx_word' id='word_1_442' title='bbox 1829 4364 1899 4418; x_wconf 88' lang='lat' dir='ltr'>scire</span> <span class='ocrx_word' id='word_1_443' title='bbox 1918 4377 1983 4419; x_wconf 88' lang='lat' dir='ltr'>sane</span> <span class='ocrx_word' id='word_1_444' title='bbox 2001 4368 2049 4420; x_wconf 88' lang='lat' dir='ltr'>vel:</span> 
     </span>
     <span class='ocr_line' id='line_1_36' title="bbox 354 4447 2049 4515; baseline 0.004 -17"><span class='ocrx_word' id='word_1_445' title='bbox 354 4447 472 4512; x_wconf 88' lang='lat' dir='ltr'>plures</span> <span class='ocrx_word' id='word_1_446' title='bbox 492 4448 577 4501; x_wconf 88' lang='lat' dir='ltr'>enim</span> <span class='ocrx_word' id='word_1_447' title='bbox 598 4447 859 4501; x_wconf 87' lang='lat' dir='ltr'>treduntnohis</span> <span class='ocrx_word' id='word_1_448' title='bbox 879 4449 918 4514; x_wconf 90' lang='lat' dir='ltr'>ii,</span> <span class='ocrx_word' id='word_1_449' title='bbox 946 4452 1001 4515; x_wconf 87' lang='lat' dir='ltr'>qui</span> <span class='ocrx_word' id='word_1_450' title='bbox 1029 4452 1222 4505; x_wconf 85' lang='lat' dir='ltr'>interiores</span> <span class='ocrx_word' id='word_1_451' title='bbox 1249 4454 1451 4505; x_wconf 88' lang='lat' dir='ltr'>scrutantur</span> <span class='ocrx_word' id='word_1_452' title='bbox 1479 4453 1512 4504; x_wconf 89' lang='lat' dir='ltr'>et</span> <span class='ocrx_word' id='word_1_453' title='bbox 1539 4453 1742 4505; x_wconf 89' lang='lat' dir='ltr'>reconditas</span> <span class='ocrx_word' id='word_1_454' title='bbox 1769 4449 1922 4504; x_wconf 86' lang='lat' dir='ltr'>literas.“</span> <span class='ocrx_word' id='word_1_455' title='bbox 1952 4485 1985 4496; x_wconf 93' lang='lat'>-</span> <span class='ocrx_word' id='word_1_456' title='bbox 2012 4452 2049 4515; x_wconf 77' lang='lat' dir='ltr'>Qu</span> 
     </span>
     <span class='ocr_line' id='line_1_37' title="bbox 355 4531 2049 4601; baseline 0.001 -18"><span class='ocrx_word' id='word_1_457' title='bbox 355 4531 426 4596; x_wconf 91' lang='lat' dir='ltr'>quod</span> <span class='ocrx_word' id='word_1_458' title='bbox 442 4533 527 4585; x_wconf 78' lang='lat' dir='ltr'>verro</span> <span class='ocrx_word' id='word_1_459' title='bbox 547 4532 775 4598; x_wconf 77' lang='lat' dir='ltr'>quadraginta</span> <span class='ocrx_word' id='word_1_460' title='bbox 794 4535 942 4599; x_wconf 88' lang='lat' dir='ltr'>quatuor</span> <span class='ocrx_word' id='word_1_461' title='bbox 960 4538 1093 4590; x_wconf 87' lang='lat' dir='ltr'>numerat.</span> <span class='ocrx_word' id='word_1_462' title='bbox 1122 4562 1157 4574; x_wconf 90' lang='lat'><em>-</em></span> <span class='ocrx_word' id='word_1_463' title='bbox 1185 4531 1210 4600; x_wconf 76' lang='lat'>²)</span> <span class='ocrx_word' id='word_1_464' title='bbox 1237 4536 1276 4588; x_wconf 81' lang='lat' dir='ltr'>ct.</span> <span class='ocrx_word' id='word_1_465' title='bbox 1295 4537 1439 4601; x_wconf 85' lang='lat' dir='ltr'>ltuentzer,</span> <span class='ocrx_word' id='word_1_466' title='bbox 1465 4538 1497 4589; x_wconf 87' lang='lat' dir='ltr'>de</span> <span class='ocrx_word' id='word_1_467' title='bbox 1516 4536 1579 4589; x_wconf 77' lang='lat' dir='ltr'>Eur.</span> <span class='ocrx_word' id='word_1_468' title='bbox 1597 4538 1649 4590; x_wconf 89' lang='lat' dir='ltr'>Alc.</span> <span class='ocrx_word' id='word_1_469' title='bbox 1678 4535 1751 4589; x_wconf 86' lang='lat' dir='ltr'>Neue</span> <span class='ocrx_word' id='word_1_470' title='bbox 1769 4536 1878 4589; x_wconf 78' lang='lat' dir='ltr'>lehuno.</span> <span class='ocrx_word' id='word_1_471' title='bbox 1897 4537 1943 4590; x_wconf 84' lang='grc' dir='ltr'>ιιι</span> <span class='ocrx_word' id='word_1_472' title='bbox 1960 4537 2026 4591; x_wconf 86' lang='lat' dir='ltr'>Phil.</span> <span class='ocrx_word' id='word_1_473' title='bbox 2045 4554 2049 4584; x_wconf 82' lang='grc' dir='ltr'>ι</span> 
     </span>
     <span class='ocr_line' id='line_1_38' title="bbox 353 4616 2049 4687; baseline 0.002 -17"><span class='ocrx_word' id='word_1_474' title='bbox 353 4618 378 4670; x_wconf 84' lang='grc'>5.</span> <span class='ocrx_word' id='word_1_475' title='bbox 397 4617 548 4679; x_wconf 73' lang='lat' dir='ltr'>suppl-lad.</span> <span class='ocrx_word' id='word_1_476' title='bbox 566 4631 593 4682; x_wconf 93' lang='lat' dir='ltr'>p.</span> <span class='ocrx_word' id='word_1_477' title='bbox 613 4621 675 4671; x_wconf 84' lang='lat' dir='ltr'>toa:</span> <span class='ocrx_word' id='word_1_478' title='bbox 694 4618 834 4671; x_wconf 88' lang='lat' dir='ltr'>Herculem</span> <span class='ocrx_word' id='word_1_479' title='bbox 852 4646 887 4656; x_wconf 90' lang='lat'>-</span> <span class='ocrx_word' id='word_1_480' title='bbox 904 4620 1012 4673; x_wconf 88' lang='lat' dir='ltr'>minime</span> <span class='ocrx_word' id='word_1_481' title='bbox 1033 4621 1188 4684; x_wconf 83' lang='lat' dir='ltr'>tragoediae</span> <span class='ocrx_word' id='word_1_482' title='bbox 1206 4622 1351 4675; x_wconf 87' lang='lat' dir='ltr'>convenire</span> <span class='ocrx_word' id='word_1_483' title='bbox 1369 4622 1497 4675; x_wconf 85' lang='lat' dir='ltr'>tecilllme</span> <span class='ocrx_word' id='word_1_484' title='bbox 1515 4623 1598 4687; x_wconf 87' lang='lat' dir='ltr'>petet.</span> <span class='ocrx_word' id='word_1_485' title='bbox 1617 4648 1650 4658; x_wconf 86' lang='lat'>-</span> <span class='ocrx_word' id='word_1_486' title='bbox 1668 4616 1693 4687; x_wconf 64' lang='grc'>3)</span> <span class='ocrx_word' id='word_1_487' title='bbox 1712 4621 1787 4674; x_wconf 87' lang='lat' dir='ltr'>Poet.</span> <span class='ocrx_word' id='word_1_488' title='bbox 1807 4633 1829 4675; x_wconf 89' lang='lat' dir='ltr'>c.</span> <span class='ocrx_word' id='word_1_489' title='bbox 1849 4621 1900 4674; x_wconf 87' lang='lat' dir='ltr'>llll.</span> <span class='ocrx_word' id='word_1_490' title='bbox 1921 4652 1950 4662; x_wconf 98' lang='lat'>-</span> <span class='ocrx_word' id='word_1_491' title='bbox 1970 4616 1996 4684; x_wconf 82' lang='lat'>⁴)</span> <span class='ocrx_word' id='word_1_492' title='bbox 2016 4621 2049 4683; x_wconf 77' lang='lat' dir='ltr'>Qu</span> 
     </span>
     <span class='ocr_line' id='line_1_39' title="bbox 352 4686 2046 4773; baseline 0.004 -19"><span class='ocrx_word' id='word_1_493' title='bbox 352 4702 456 4765; x_wconf 75' lang='lat' dir='ltr'>largam</span> <span class='ocrx_word' id='word_1_494' title='bbox 474 4714 499 4755; x_wconf 89' lang='lat' dir='ltr'>v.</span> <span class='ocrx_word' id='word_1_495' title='bbox 518 4715 539 4755; x_wconf 89' lang='lat' dir='ltr'>c.</span> <span class='ocrx_word' id='word_1_496' title='bbox 566 4686 742 4773; x_wconf 79' lang='grc' dir='ltr'><strong><em>παρῳδοῖς</em></strong></span> <span class='ocrx_word' id='word_1_497' title='bbox 767 4704 830 4769; x_wconf 85' lang='lat' dir='ltr'>illio,</span> <span class='ocrx_word' id='word_1_498' title='bbox 857 4715 923 4769; x_wconf 87' lang='lat' dir='ltr'>quos</span> <span class='ocrx_word' id='word_1_499' title='bbox 941 4708 1048 4771; x_wconf 88' lang='lat' dir='ltr'>vocent,</span> <span class='ocrx_word' id='word_1_500' title='bbox 1074 4706 1195 4759; x_wconf 88' lang='lat' dir='ltr'>Herculis</span> <span class='ocrx_word' id='word_1_501' title='bbox 1219 4718 1336 4771; x_wconf 91' lang='lat' dir='ltr'>persona</span> <span class='ocrx_word' id='word_1_502' title='bbox 1359 4708 1499 4760; x_wconf 87' lang='lat' dir='ltr'>materiam</span> <span class='ocrx_word' id='word_1_503' title='bbox 1524 4706 1688 4772; x_wconf 84' lang='lat' dir='ltr'>praebuerit,</span> <span class='ocrx_word' id='word_1_504' title='bbox 1716 4707 1794 4760; x_wconf 88' lang='lat' dir='ltr'>testis</span> <span class='ocrx_word' id='word_1_505' title='bbox 1819 4709 1861 4761; x_wconf 89' lang='lat' dir='ltr'>est</span> <span class='ocrx_word' id='word_1_506' title='bbox 1878 4707 2046 4760; x_wconf 85' lang='lat' dir='ltr'>Eiohstadios</span> 
     </span>
    </p>
   </div>
   <div class='ocr_carea' id='block_1_4' title="bbox 353 4784 2030 4938">
    <p class='ocr_par' dir='ltr' id='par_1_6' title="bbox 353 4784 2030 4938">
     <span class='ocr_line' id='line_1_40' title="bbox 353 4784 2030 4925; baseline 0.007 -88"><span class='ocrx_word' id='word_1_507' title='bbox 353 4785 436 4923; x_wconf 66' lang='lat' dir='ltr'>qraqr.</span> <span class='ocrx_word' id='word_1_508' title='bbox 451 4784 564 4925; x_wconf 47' lang='lat' dir='ltr'>{lraeoqi</span> <span class='ocrx_word' id='word_1_509' title='bbox 581 4791 744 4852; x_wconf 83' lang='lat' dir='ltr'>com-satyr.</span> <span class='ocrx_word' id='word_1_510' title='bbox 763 4803 788 4854; x_wconf 92' lang='lat' dir='ltr'>p.</span> <span class='ocrx_word' id='word_1_511' title='bbox 808 4792 841 4845; x_wconf 79' lang='lat'>53</span> <span class='ocrx_word' id='word_1_512' title='bbox 859 4801 934 4854; x_wconf 84' lang='lat' dir='ltr'>supr.</span> <span class='ocrx_word' id='word_1_513' title='bbox 954 4819 984 4832; x_wconf 90' lang='lat'>-</span> <span class='ocrx_word' id='word_1_514' title='bbox 1004 4787 1029 4857; x_wconf 59' lang='grc' dir='ltr'>ι)</span> <span class='ocrx_word' id='word_1_515' title='bbox 1049 4790 1090 4845; x_wconf 80' lang='lat' dir='ltr'>cl.</span> <span class='ocrx_word' id='word_1_516' title='bbox 1109 4791 1220 4857; x_wconf 86' lang='lat' dir='ltr'>Preller,</span> <span class='ocrx_word' id='word_1_517' title='bbox 1241 4791 1284 4848; x_wconf 81' lang='lat' dir='ltr'>Gr.</span> <span class='ocrx_word' id='word_1_518' title='bbox 1303 4792 1412 4881; x_wconf 81' lang='lat' dir='ltr'>Hythol.</span> <span class='ocrx_word' id='word_1_519' title='bbox 1431 4793 1477 4846; x_wconf 84' lang='lat' dir='ltr'>To.</span> <span class='ocrx_word' id='word_1_520' title='bbox 1495 4795 1520 4845; x_wconf 81' lang='lat'>2.</span> <span class='ocrx_word' id='word_1_521' title='bbox 1539 4804 1565 4855; x_wconf 92' lang='lat' dir='ltr'>p.</span> <span class='ocrx_word' id='word_1_522' title='bbox 1586 4792 1642 4845; x_wconf 81' lang='grc' dir='ltr'>ιιι.</span> <span class='ocrx_word' id='word_1_523' title='bbox 1671 4818 1705 4828; x_wconf 96' lang='grc'>-</span> <span class='ocrx_word' id='word_1_524' title='bbox 1731 4786 1758 4856; x_wconf 81' lang='lat'>⁰)</span> <span class='ocrx_word' id='word_1_525' title='bbox 1776 4792 1832 4847; x_wconf 88' lang='lat' dir='ltr'>llid.</span> <span class='ocrx_word' id='word_1_526' title='bbox 1850 4793 1912 4847; x_wconf 84' lang='lat' dir='ltr'>Eur.</span> <span class='ocrx_word' id='word_1_527' title='bbox 1931 4792 2030 4857; x_wconf 76' lang='lat' dir='ltr'>Husgr.</span> 
     </span>
     <span class='ocr_line' id='line_1_41' title="bbox 375 4876 696 4938; baseline 0.012 -14"><span class='ocrx_word' id='word_1_528' title='bbox 375 4883 430 4925; x_wconf 90' lang='lat' dir='ltr'>ec.</span> <span class='ocrx_word' id='word_1_529' title='bbox 472 4884 523 4927; x_wconf 90' lang='lat' dir='ltr'>om.</span> <span class='ocrx_word' id='word_1_530' title='bbox 565 4876 696 4938; x_wconf 57' lang='lat' dir='ltr'>‚paea</span> 
     </span>
    </p>
   </div>
   <div class='ocr_carea' id='block_1_5' title="bbox 0 0 2130 5442">
    <p class='ocr_par' dir='ltr' id='par_1_7' title="bbox 0 0 2130 5442">
     <span class='ocr_line' id='line_1_42' title="bbox 0 0 2130 5442; baseline 0 0"><span class='ocrx_word' id='word_1_531' title='bbox 0 0 2130 5442; x_wconf 95' lang='lat' dir='ltr'> </span> 
     </span>
    </p>
   </div>
  </div>
 </body>
</html>
