4250 5442
894 193 1235 283 --20-ἲ

144 406 209 454 sam
230 388 334 452 talium
357 386 525 451 dramatum
547 385 751 468 scriptoribus
772 385 910 468 apprime
931 391 964 453 in
985 389 1108 454 deliciis
1130 388 1229 453 luisse
1252 390 1367 454 scimus
1379 386 1412 472 ¹).
1439 390 1480 455 ΔΙ
1501 407 1541 453 ne
1563 390 1615 454 hic
1637 389 1761 473 quidem
1783 391 1824 454 ita
1845 408 1882 455 se

144 507 235 587 gerit,
257 513 290 568 ut
311 504 433 567 illorum
456 504 607 567 sententia
628 502 701 567 inde
725 503 937 582 confirmatum
967 506 1051 570 male
1079 507 1161 571 enim
1182 513 1216 570 ut
1237 507 1268 570 in
1290 505 1428 571 dramate
1451 509 1585 589 satyrico
1607 525 1773 590 personam
1795 526 1881 573 suam

142 627 246 684 tuetur
267 637 303 683 ac
324 634 432 701 parum
455 617 515 682 sibi
537 625 665 695 constat,
699 619 811 701 quippe
833 622 886 704 qui
908 622 993 686 initio
1012 625 1157 707 jocosum
1179 624 1370 707 hilaremque
1393 632 1433 699 et,
1455 633 1489 689 ut
1510 627 1551 689 ita
1572 623 1682 702 dicam,
1712 625 1811 708 probe
1833 644 1881 691 sa·

142 739 284 819 lyricum,
313 755 387 799 mox
415 744 518 799 tamen
540 753 730 817 generosum
751 756 892 820 vereque
913 740 1074 805 heroicum
1096 758 1132 806 se
1154 740 1297 806 ostendit.
1331 742 1441 805 Partim
1469 742 1565 824 igitur
1587 741 1746 819 cotbumo‚
1773 742 1882 824 partim

144 872 238 919 socco
272 853 388 936 dignus
416 852 547 916 videtur.
599 852 684 927 Quae
722 872 815 936 quum
843 859 886 923 ita
908 857 978 934 sint,
1009 859 1090 922 nulla
1123 876 1216 922 causa
1246 866 1303 935 est,
1333 876 1389 922 our
1419 858 1556 922 Alcestin
1583 857 1688 922 drama
1716 860 1882 941 satyricum

145 990 218 1036 esse
240 979 392 1054 putemus.
424 1001 465 1014 -
495 969 648 1046 Ceterum,
672 978 704 1033 ut
725 970 758 1033 in
778 979 959 1038 transcursu
980 974 1041 1038 hoc
1062 975 1182 1052 addam,
1210 975 1349 1058 pluribus
1373 973 1494 1051 labulis,
1516 975 1617 1057 iisque
1639 977 1777 1058 tragicis,
1799 975 1883 1039 idem

145 1089 264 1161 accidit,
288 1087 371 1172 quod
392 1086 551 1164 Alcestidi,
573 1094 606 1150 ut
627 1087 738 1169 injuria
759 1106 818 1169 pro
841 1088 987 1157 dramatis
1010 1093 1151 1175 satyricis
1173 1091 1369 1156 haberentur.
1392 1092 1443 1156 Sic
1460 1111 1488 1154 v.
1503 1111 1530 1153 c.
1552 1090 1725 1155 Brumoeus
1747 1092 1882 1156 Bacchas

146 1206 257 1272 eodem
279 1204 391 1282 retulit,
414 1204 445 1267 id
467 1202 549 1286 quod
572 1221 664 1285 supra
687 1208 996 1272 commemoravimus
1006 1205 1043 1289 ²).
1073 1208 1173 1284 Ouidi
1195 1208 1278 1291 quod
1301 1209 1335 1272 G.
1358 1207 1534 1273 Dindorlius
1555 1216 1636 1273 teste
1658 1205 1809 1289 Vatero⁸)
1832 1227 1882 1272 su·

145 1324 281 1405 spicatas
314 1329 362 1385 est
389 1321 523 1384 Rhesum
550 1319 741 1404 tragoediam
763 1320 910 1387 dramatis
932 1327 1058 1408 satyrici
1079 1328 1179 1390 vicem
1202 1325 1403 1407 praestitisse.
1439 1325 1536 1398 Quam
1568 1331 1670 1389 tamen
1700 1327 1883 1390 sententiam

146 1441 220 1505 satis
252 1438 398 1503 refutavit
428 1437 531 1514 Valer,
573 1439 633 1520 qui
653 1436 734 1501 idem
765 1440 876 1504 eodem
904 1443 974 1505 loco
1002 1442 1170 1506 Alcestidis
1200 1459 1327 1523 quoque
1357 1441 1507 1504 rationem
1541 1440 1643 1504 habet.
1685 1442 1780 1506 Citius
1813 1460 1883 1505 cum

145 1550 349 1634 Welclrero⁴)
372 1559 529 1618 statuerim
547 1554 690 1619 Orestem
713 1564 822 1638 quarto
843 1560 1027 1641 tetralogiae
1050 1559 1119 1622 loeo
1142 1566 1241 1621 actam
1255 1552 1375 1636 esse‚⁸)
1398 1576 1458 1640 qua
1480 1556 1520 1620 de
1543 1556 1644 1621 labala
1667 1558 1747 1640 apud
1769 1560 1883 1640 prioris

146 1671 320 1757 argumenti
341 1678 499 1734 auctorem
522 1679 586 1734 est:
616 1674 656 1735 τὸ
678 1668 718 1735 dd
739 1670 852 1755 δρᾶμα
872 1676 1142 1760 κωμικωτέραν
1163 1671 1231 1751 ἔχει
1251 1673 1497 1758 καταστροφήν.
1528 1672 1604 1736 llam
1626 1675 1658 1738 in
1680 1676 1778 1739 altero
1802 1677 1885 1758 ejus·

147 1790 217 1853 dem
240 1788 361 1852 fabulae
384 1795 568 1870 argumento
591 1787 733 1851 habetur:
764 1792 804 1854 τὸ
831 1793 940 1876 παρὸν
961 1790 1076 1875 δρᾶμά
1096 1791 1185 1858 ἐστιν
1206 1790 1241 1856 ὲκ
1261 1795 1419 1873 τραγικοῦ
1438 1796 1582 1874 κωμικόν
1604 1812 1632 1856 e.
1655 1813 1684 1875 q.
1708 1811 1734 1856 s.
1758 1793 1886 1856 -Nec

146 1908 296 1972 absonum
319 1907 392 1968 mibi
415 1905 545 1983 videtur,
568 1905 651 1987 quod
673 1906 754 1969 idem
776 1906 812 1969 V.
836 1908 899 1971 Cel.
923 1908 1035 1986 statuit,
1065 1909 1243 1991 Euripidem
1264 1910 1370 1990 plures
1392 1909 1573 1991 tetralogias
1595 1912 1636 1973 ita
1659 1912 1884 1992 composuisse,

145 2036 179 2091 ut
199 2035 308 2091 ternae
329 2024 511 2107 tragoediae
541 2024 711 2106 asingulis
734 2024 845 2089 fabulis
868 2028 1097 2109 exciperentur,
1132 2044 1211 2108 quae
1239 2024 1406 2089 Alcestidis
1438 2026 1536 2090 instar
1566 2046 1606 2089 err
1633 2027 1729 2092 rebus
1758 2028 1885 2110 tragicis

147 2145 339 2226 comicisque
361 2143 474 2205 mixtae
496 2141 637 2204 luissent.
660 2142 721 2207 Sed
743 2142 821 2206 haec
842 2144 1001 2207 hactenus.

273 2257 304 2340 ἕ.
327 2256 379 2322 33.
401 2258 507 2340 ltaque
525 2259 589 2338 jam
613 2257 845 2323 demonstrasse
868 2261 940 2323 mihi
962 2258 1223 2323 videorAlcestiu
1244 2276 1304 2321 nec
1326 2258 1516 2341 tragoediam
1538 2276 1598 2321 nec
1621 2258 1812 2324 comoediam
1827 2277 1887 2323 nec

147 2377 281 2459 denique
311 2375 415 2438 drama
444 2375 611 2455 satyricum
634 2392 706 2437 esse
729 2375 910 2440 habendam.
943 2376 1005 2442 Sed
1035 2376 1135 2458 qualis
1163 2375 1285 2440 tandem
1314 2375 1414 2439 fabula
1438 2376 1507 2439 esti
1538 2375 1625 2439 Haud
1648 2379 1785 2439 incertus
1807 2394 1885 2454 sum,

143 2494 221 2578 quid
242 2492 459 2575 respondeam.
483 2492 602 2572 Quippe
624 2491 701 2554 mira
724 2491 849 2576 farrago
866 2501 921 2567 est,
946 2513 1076 2575 quacum
1098 2495 1150 2557 vix
1171 2493 1271 2557 habeo
1295 2492 1368 2575 quid
1384 2511 1577 2574 comparem:
1601 2492 1702 2557 fabula
1726 2501 1782 2567 est,
1806 2511 1886 2576 quae

146 2611 233 2675 uarie
254 2628 312 2675 nos
334 2608 446 2680 allicit;
482 2625 561 2688 quae
594 2624 676 2668 nuno
704 2607 847 2671 lacrimas
877 2611 1018 2686 concitat,
1050 2629 1131 2673 nunc
1152 2612 1249 2674 risum
1272 2617 1384 2686 movet,
1419 2628 1501 2673 nunc
1528 2617 1655 2690 propter
1682 2627 1887 2691 personarum

146 2729 220 2792 vitia
241 2727 321 2789 male
343 2742 400 2787 uos
422 2720 516 2785 habet
537 2741 574 2785 ac
596 2740 794 2804 summopere
817 2724 959 2798 odendit3
990 2743 1070 2808 quae
1092 2743 1109 2788 a
1131 2725 1302 2808 tragoedia,
1332 2744 1411 2807 quae
1434 2745 1451 2787 a
1474 2726 1644 2802 comoedia,
1674 2745 1754 2807 quae
1777 2745 1794 2788 a
1817 2725 1886 2788 dra-

146 2851 228 2907 mate
251 2842 387 2923 satyrico
418 2838 629 2902 diversissima
652 2856 794 2922 quaeque
817 2849 979 2919 mutuatur,
1013 2861 1072 2906 nec
1104 2851 1206 2906 tamen
1235 2842 1273 2905 ad
1305 2844 1399 2906 ullum
1426 2842 1536 2906 borum
1561 2861 1716 2924 generum
1740 2843 1886 2922 pertinet;

146 2977 227 3042 quae
251 2956 342 3021 modo
365 2956 547 3019 cothurnum
570 2956 675 3036 spirat,
698 2955 791 3019 modo
814 2975 940 3021 soccum
963 2958 1100 3033 redolet;
1131 2977 1210 3040 quae
1239 2977 1320 3021 nunc
1341 2958 1460 3041 grande
1483 2958 1606 3022 dicendi
1629 2976 1729 3041 genus
1753 2957 1888 3034 exhibet,

150 3094 231 3139 nunc
259 3074 297 3140 ad
325 3072 486 3156 vulgarem
514 3090 612 3153 prope
643 3090 820 3135 sermonem
843 3072 1019 3146 descendit;
1049 3093 1129 3156 quae
1153 3074 1286 3156 denique
1307 3073 1339 3136 id
1361 3083 1487 3156 spectat,
1517 3083 1551 3138 ut
1577 3074 1759 3158 tragoediae
1788 3074 1888 3157 digni·

150 3202 243 3258 tatem
267 3201 297 3257 et
319 3191 499 3255 comoediae
521 3190 678 3253 lasciviam
700 3190 781 3252 inter
803 3207 838 3252 se
861 3190 1028 3272 conjungat
1050 3199 1081 3254 et
1103 3193 1191 3274 quasi
1213 3192 1404 3267 reconciliet,
1433 3191 1541 3274 sicque
1555 3191 1704 3256 turbatam
1717 3192 1888 3255 animorum

152 3314 336 3393 aequitatem
364 3312 396 3371 in
425 3310 578 3389 integrum
601 3309 751 3398 restituat.
784 3307 878 3370 Vides
901 3308 1005 3388 igitur,
1035 3306 1188 3372 benevole
1210 3308 1318 3381 lector,
1351 3326 1441 3389 quarn
1468 3310 1639 3372 insolenter
1666 3309 1829 3390 Euripides
1857 3309 1889 3370 in

153 3425 377 3490 conscribenda
411 3425 468 3487 hac
503 3423 604 3486 labula
637 3441 759 3485 omnem
788 3431 818 3486 et
848 3440 966 3487 morem
995 3430 1026 3486 el
1053 3424 1156 3506 legem
1179 3425 1364 3506 neglexerit,
1400 3433 1607 3508 quantumque
1636 3426 1696 3489 sibi
1717 3425 1886 3489 indulserit

153 3545 332 3623 Quanquam
353 3542 406 3603 vix
426 3548 538 3621 poetae
560 3538 591 3601 id
613 3539 687 3601 vitio
711 3539 871 3612 verterim;
894 3557 974 3615 nam,
997 3548 1030 3603 ut
1046 3542 1111 3622 jam
1134 3540 1207 3617 dixi,
1230 3559 1343 3604 novum
1367 3539 1536 3606 fabularum
1559 3561 1660 3623 genus
1680 3541 1816 3605 condere
1839 3547 1890 3604 aul

153 3667 238 3724 certe
270 3661 300 3721 in
333 3677 369 3720 re
402 3657 527 3720 scenica
560 3654 673 3737 aliquid
706 3673 823 3719 novare
845 3657 876 3718 in
899 3655 1000 3719 animo
1024 3656 1054 3718 ei
1077 3663 1152 3718 erat.
1186 3655 1274 3729 Quod
1297 3657 1324 3718 si
1345 3664 1498 3735 tenemus,
1530 3658 1660 3739 amplius
1692 3659 1796 3720 mirari
1828 3674 1891 3720 non

152 3794 317 3860 possumus
340 3774 462 3838 fabulae
484 3773 675 3850 brevitatem,
699 3792 767 3855 qua,
792 3775 934 3855 exceptis
956 3773 1059 3836 Rheso
1082 3791 1119 3834 ac
1141 3774 1286 3854 Cyclope,
1310 3776 1424 3838 ceteris
1446 3774 1621 3856 Euripideis
1636 3774 1805 3848 antecedit3
1828 3791 1890 3836 non

155 3893 356 3959 oeconomiae
379 3891 612 3972 simplicitatem,
643 3909 703 3973 qua
735 3889 814 3953 duos
837 3890 1045 3953 tantummodo
1069 3899 1190 3954 actores
1214 3893 1324 3975 exigit;
1360 3911 1421 3955 non
1445 3910 1620 3956 sermonem
1642 3892 1828 3973 pedestrem,
1851 3890 1890 3953 ad

154 4032 246 4096 quem
268 4012 412 4094 neglecto
436 4009 585 4072 cothurno
609 4017 699 4090 poeta
721 4007 772 4070 hic
794 4009 856 4071 illic
878 4007 1046 4083 delabitur,
1071 4026 1133 4070 non
1150 4008 1290 4073 Herculis
1303 4028 1479 4093 personam,
1504 4027 1582 4092 quae
1605 4010 1770 4091 satyricum
1791 4008 1890 4091 quod·

154 4131 223 4194 dam
246 4130 354 4212 spirat3
377 4144 439 4190 non
462 4125 596 4207 denique
619 4132 782 4189 sexcentas
806 4126 956 4201 minutias,
979 4143 1058 4206 quae
1082 4144 1099 4186 a
1120 4126 1282 4209 tragoedia
1305 4127 1429 4209 quidem
1452 4126 1628 4203 abhorrent,
1660 4128 1890 4190 excusationem

153 4256 256 4311 tamen
277 4245 441 4322 habebunt,
464 4245 592 4307 simulac
613 4260 676 4304 non
699 4243 737 4305 de
761 4243 900 4305 cothurni
922 4242 1103 4324 granditate,
1127 4243 1183 4306 sed
1207 4244 1246 4307 de
1268 4243 1389 4306 fabulae
1412 4245 1524 4307 mixtae
1547 4244 1669 4307 levitate
1692 4244 1889 4326 cogitaveris.

153 4368 221 4432 Jam
244 4368 271 4429 si
292 4365 350 4428 bac
371 4366 491 4430 ratione
513 4361 646 4425 fabulam
669 4361 917 4442 interpretamur,
941 4379 1058 4434 omnes,
1082 4361 1114 4423 ni
1136 4359 1236 4437 fallor,
1260 4359 1453 4425 difficultates
1476 4363 1576 4425 statim
1599 4367 1796 4424 evanescunt.
1821 4358 1890 4423 Non

154 4485 292 4569 graviter
314 4499 520 4553 commovere,
544 4478 601 4543 sed
623 4479 760 4543 suaviter
783 4478 948 4555 delectare,
978 4495 1040 4540 non
1063 4475 1276 4541 misericordia
1298 4496 1336 4540 ac
1357 4486 1440 4542 metu
1462 4486 1636 4560 percutere,
1660 4476 1716 4540 sed
1738 4476 1890 4539 hilaritate

258 4684 283 4754 1)
312 4685 353 4738 cl.
380 4682 623 4739 undenorum.
647 4684 693 4737 Bo.
724 4686 749 4737 2.
777 4699 802 4751 p.
828 4687 870 4739 llll.
897 4711 931 4722 -
957 4680 983 4748 ²)
1009 4684 1072 4747 cap.
1092 4685 1110 4737 Ι.
1136 4683 1163 4746 §.
1181 4684 1207 4737 5.
1235 4708 1269 4718 -
1294 4677 1321 4746 8)
1348 4682 1464 4736 Vindice.
1488 4680 1565 4736 unes.
1594 4683 1663 4746 trag.
1691 4693 1717 4745 p.
1738 4678 1829 4733 cllLll.
1856 4706 1890 4715 —

152 4769 178 4841 ⁴)
196 4773 289 4829 Rheln.
310 4772 374 4824 llus.
392 4771 432 4837 lli,
450 4773 510 4825 5⁰8.
539 4799 572 4809 -
598 4767 625 4834 ὅ)
651 4772 721 4825 idem
740 4771 772 4824 de
790 4771 890 4824 Helena
908 4768 1016 4833 conjicit
1033 4769 1178 4834 ltuentzer,
1197 4767 1228 4821 de
1246 4768 1308 4821 Eur.
1327 4769 1382 4822 Alc.
1408 4769 1481 4822 Neue
1498 4766 1604 4820 tabrbb.
1623 4766 1674 4822 etc.
1694 4769 1721 4821 5.
1739 4763 1888 4830 suppl-Bu.

154 4870 181 4924 p.
203 4859 251 4912 tas
268 4871 295 4922 p.
313 4857 383 4912 med.
401 4884 435 4893 -
453 4868 479 4921 p.
497 4857 555 4910 2⁰3.
