4250 5442
914 210 1151 285 ..22-

163 402 307 482 Alcestis,
349 403 439 468 etiem
476 404 504 468 si
545 404 627 470 Orco
659 421 733 470 sese
767 410 889 480 maetam
931 404 1033 490 dillgit
1064 404 1225 483 Admotus,
1268 412 1300 471 et
1333 404 1463 470 mirilico
1496 401 1621 488 quidem
1653 403 1722 479 ille;
1768 403 1899 488 diligunt

162 519 285 585 Admeti
306 528 461 601 parentes,
494 522 669 605 propinqui,
701 523 791 586 amici
804 519 837 602 ¹).
871 523 957 598 Quae
980 542 1073 606 quom
1095 526 1137 589 lto
1159 523 1229 602 sint,
1258 532 1352 590 tenne
1375 523 1587 589 munusculum
1610 522 1648 587 ab
1670 521 1814 605 Apolline
1836 520 1899 587 Ad·

162 643 244 699 meto
267 635 402 700 delatum
424 655 498 701 esse
520 637 717 720 putabimus?
744 639 833 715 Quod
854 658 931 704 cavo
953 640 1074 718 credas,
1097 641 1250 723 siqnidem
1272 659 1325 706 res
1348 642 1415 723 ipsa
1437 639 1623 723 obloquitur.
1654 639 1899 721 Rectissimeque

161 753 437 818 Renobensteinius
460 764 564 819 monet
572 750 598 834 ²)
621 756 712 819 vitam
735 775 792 838 per
814 775 849 821 se
871 758 930 821 nisi
952 757 1044 822 tinem
1067 758 1229 837 bonorum,
1251 766 1280 824 et
1303 766 1388 823 certe
1410 758 1525 822 bonum
1542 775 1626 832 esse,
1648 756 1731 839 quod
1752 772 1899 822 servasse

162 869 229 934 laus
252 871 353 934 sitne
375 870 406 933 in
428 863 589 954 tragoedia
612 871 736 954 quidem
759 873 994 938 contemnenda.

283 984 314 1067 ἕ.
337 985 389 1050 35.
413 987 479 1051 Nec
503 989 611 1071 magis,
635 1007 725 1071 quam
738 990 900 1072 Apollinis,
924 992 997 1055 Orci
1018 1008 1153 1073 persona
1175 991 1393 1056 materialismo
1407 989 1526 1055 addicta
1543 997 1606 1065 est;
1629 991 1725 1056 durus
1748 996 1796 1054 est
1818 989 1898 1054 enim

163 1101 240 1168 deus
263 1110 294 1166 et
314 1102 515 1167 inexorabilis
539 1123 579 1168 ex
600 1106 754 1169 communi
777 1113 916 1171 veterum
938 1108 1104 1173 sententia:
1136 1126 1226 1191 qoem
1255 1109 1286 1171 in
1315 1108 1446 1172 consilio
1467 1107 1635 1172 Alcestidis
1657 1124 1763 1173 secum
1784 1105 1899 1169 docen·

163 1219 222 1284 dae
244 1220 344 1284 semel
366 1227 454 1303 cepto
476 1229 616 1303 perstare
638 1240 701 1285 non
723 1230 771 1286 est
793 1223 876 1306 quod
899 1226 1056 1301 miremur,
1086 1242 1178 1305 quum
1207 1225 1388 1307 praesertim
1413 1225 1466 1305 jus
1499 1241 1587 1287 snum
1620 1222 1748 1305 adipisci
1769 1220 1899 1294 studeat,

163 1337 207 1401 nil
229 1337 367 1418 amplius.
400 1336 477 1400 Nam
500 1345 690 1403 mortuorum
713 1340 874 1421 imperium
897 1349 990 1415 tenet,
1023 1340 1134 1424 quibus
1157 1342 1185 1404 si
1207 1342 1305 1406 semel
1327 1343 1441 1424 potitus
1463 1348 1557 1419 esset,
1587 1340 1671 1406 nullo
1699 1348 1789 1424 pacto
1811 1358 1900 1422 prae·

165 1453 234 1517 dans
257 1452 410 1518 dimittere
432 1454 603 1536 putabatur.
638 1456 753 1520 Orcum
785 1464 886 1521 autem
920 1457 952 1522 id
980 1477 1075 1523 unum
1107 1478 1215 1542 agere,
1247 1466 1281 1523 ut
1308 1460 1361 1540 jus
1390 1477 1480 1525 suum
1501 1459 1696 1541 adipiscatur,
1728 1456 1901 1522 luculenter

164 1577 291 1653 apparet
313 1590 353 1635 ox
375 1572 443 1654 ejus
464 1567 622 1652 verbis³lz

825 1724 868 1736 -
891 1727 928 1738 -
952 1696 984 1759 τί
1005 1699 1046 1761 σὺ
1068 1692 1149 1780 τῇδε
1167 1696 1290 1778 πολεῖς,

744 1805 855 1889 theid}
876 1808 1001 1888 ἀδικεῖς
1023 1802 1067 1878 cd
1087 1812 1184 1895 τιμὰς
1206 1811 1322 1899 ἐνέρων

742 1922 986 2009 ἀφοριζόμενος
1007 1927 1063 1993 καὶ
1085 1931 1290 1995 καταπαύων.

292 2055 349 2119 Ubi
371 2055 466 2139 igitur
488 2056 724 2120 materialismus
746 2058 777 2121 in
801 2059 868 2139 ejus
890 2061 1048 2140 personat
1080 2062 1230 2145 Equidem
1259 2080 1299 2127 ne
1328 2062 1468 2126 umbram
1499 2060 1622 2145 quidem
1653 2061 1722 2143 ejus
1752 2076 1902 2143 agnosco,

164 2190 224 2238 mec
246 2173 347 2256 magis
369 2173 419 2236 bic
441 2190 589 2254 agnosco,
613 2192 703 2256 quam
724 2169 850 2252 inlra⁴)‚
873 2174 926 2238 ubi
947 2176 1099 2243 Hercules
1120 2180 1213 2241 haec:

869 2325 913 2336 -
933 2295 988 2356 καί
1008 2316 1058 2358 νιν
1080 2293 1228 2376 ἐνρήσειν
1249 2291 1340 2359 δοκῶ

747 2408 916 2473 πίνοντα
936 2412 1062 2494 τύμβον
1085 2412 1224 2495 πλησίον
1246 2413 1527 2498 προσφαγμάτων.

263 2566 265 2571 ·
290 2539 336 2603 En
358 2539 492 2622 lepidam
514 2541 734 2620 conjecturam,
770 2540 869 2623 inquit
888 2539 1111 2625 Koechlyus³),
1141 2561 1221 2626 quae
1250 2544 1434 2608 acerrimum
1463 2550 1605 2626 potorem
1635 2551 1665 2609 et
1688 2541 1903 2608 combibonem

166 2658 279 2721 eximie
302 2656 408 2720 decet!
432 2690 471 2700 —
494 2658 534 2719 At
555 2672 658 2718 nonne
680 2673 809 2736 prorsus
833 2668 1073 2722 consentaneum
1097 2667 1154 2736 est,
1188 2658 1271 2740 quod
1293 2657 1419 2722 Alcides
1441 2660 1493 2736 nit,
1523 2659 1615 2723 deum
1636 2677 1734 2742 prope
1755 2660 1904 2724 tumulum

166 2773 295 2855 dapibus
326 2772 388 2836 frui
418 2772 478 2835 sibi
508 2770 632 2836 libatisl
665 2772 770 2855 ltaque
798 2776 981 2837 sententiam
1007 2775 1088 2839 illam
1118 2775 1267 2857 Koechlyi
1296 2774 1498 2856 reJiciendam
1527 2795 1600 2841 esse
1628 2776 1776 2852 arbitror;
1809 2778 1903 2840 immo

165 2898 247 2954 totus
269 2890 320 2952 bic
341 2889 492 2971 Apollinis
516 2896 546 2953 et
569 2889 641 2952 Orci
664 2888 804 2973 dialogus
827 2892 1026 2975 allegoricam
1048 2891 1151 2973 potius
1173 2891 1234 2954 vim
1257 2888 1374 2955 babere
1392 2890 1605 2955 mibividetur.
1629 2924 1669 2937 -
1692 2889 1770 2966 Quid
1793 2891 1903 2954 itel-

166 3005 342 3070 Videamus.
678 3001 680 3004 ⁴

292 3121 322 3205 ἕ.
345 3121 396 3187 36.
418 3123 453 3186 ln
474 3123 608 3207 prologo
630 3123 796 3189 Alcestidis
817 3125 898 3189 lnior
920 3143 955 3189 se
978 3124 1163 3188 altercantur
1185 3123 1287 3207 deque
1308 3123 1423 3205 praeda
1447 3131 1564 3188 certant
1585 3122 1727 3189 Phoebus
1742 3134 1774 3189 et
1793 3124 1903 3190 Orcus.

168 3243 295 3324 Φοῖβος
318 3250 428 3319 autem,
451 3240 483 3304 id
505 3241 587 3324 quod
606 3243 670 3324 jam
694 3260 811 3306 merum
829 3260 943 3306 nomen
959 3241 1121 3325 significat,
1143 3241 1243 3305 lucis
1266 3240 1344 3306 deus
1368 3249 1424 3315 est,
1448 3250 1487 3319 et,
1512 3260 1591 3325 qnae
1613 3241 1740 3325 pulchre
1763 3249 1793 3306 et
1814 3260 1903 3323 prae·

167 3358 249 3421 olere
273 3377 394 3441 cunque
423 3359 484 3422 luci
513 3367 543 3422 et
572 3359 669 3423 calori
700 3358 852 3423 debentur
875 3359 1009 3441 indeque
1030 3357 1213 3436 redundant,
1248 3379 1284 3422 ea
1316 3359 1447 3440 imperio
1469 3365 1567 3433 tenet;
1600 3358 1722 3443 buoque
1754 3359 1904 3441 imprimis

166 3476 300 3557 pertinet
327 3476 406 3538 baec
434 3477 525 3559 hujus
547 3477 629 3540 vitae
647 3475 833 3557 jucunditas,
866 3495 935 3559 qua,
966 3476 1036 3540 dum
1066 3476 1166 3539 lucem
1189 3477 1365 3559 aspicimus,
1394 3476 1467 3540 laeti
1490 3476 1634 3550 lrnimur3
1667 3494 1799 3559 quocum
1830 3474 1904 3539 illud

168 3592 323 3667 cohaeret,
346 3592 428 3674 quod
450 3594 572 3656 lucem
593 3591 695 3656 tueri
718 3591 788 3670 (τὸν
809 3587 903 3676 ἥλιον
924 3592 1068 3674 βλέπειν)
1091 3593 1219 3657 Graecis
1242 3592 1324 3657 idem
1348 3601 1397 3657 est
1418 3611 1455 3657 ac
1476 3594 1504 3657 si
1519 3593 1604 3656 dicas
1627 3593 1663 3656 in
1684 3593 1782 3656 vivis
1805 3610 1903 3657 esse.

167 3711 214 3774 De
238 3729 354 3792 quare
377 3710 485 3774 collata
506 3711 608 3783 velim,
632 3728 712 3791 quae
735 3712 866 3793 egregie
889 3711 1030 3791 exposuit
1051 3706 1217 3787 meliert).
1251 3710 1350 3773 Orcus
1379 3718 1485 3775 contra
1506 3711 1537 3774 in
1562 3716 1698 3773 mortuos
1721 3708 1903 3782 dominatur,

166 3830 198 3893 in
219 3828 420 3910 tenebrisque
442 3837 584 3892 versatur
607 3835 637 3891 et
659 3827 808 3909 caligine;
832 3846 892 3909 quo
915 3827 956 3903 iit,
979 3834 1020 3903 ut,
1044 3824 1301 3908 quemadmodum
1319 3826 1431 3908 Apollo
1452 3827 1543 3890 vitam
1568 3827 1699 3908 ejusque
1712 3825 1903 3898 dulcedines,

167 3947 208 4010 ita
231 3945 346 4010 obitum
368 3945 430 4021 ille,
460 3953 490 4008 et
518 3964 596 4026 quae
626 3943 782 4008 horrenda
811 3942 884 4006 inde
907 3950 1085 4019 nascuntur,
1119 3943 1206 4025 quasi
1228 3951 1452 4024 repraesentet.
1485 3942 1552 4006 Jam
1575 3942 1658 4025 quid,
1688 3961 1816 4026 quaeso,
1844 3940 1905 4004 sibl

166 4064 239 4140 vult,
263 4061 346 4145 quod
370 4062 447 4124 vitae
470 4079 506 4124 ao
529 4062 635 4125 mortis
658 4060 701 4124 dii
725 4061 805 4123 inter
827 4077 863 4124 se
886 4067 1100 4123 concertantes
1122 4061 1154 4123 in
1175 4077 1269 4124 scena
1283 4059 1453 4142 apparent?
1476 4059 1537 4121 Res
1560 4059 1637 4141 ipsa,
1660 4060 1780 4141 opinor,
1804 4058 1904 4141 loqui·

167 4187 225 4244 tur.
249 4182 308 4244 Pro
332 4181 440 4243 morito
463 4198 499 4242 se
522 4179 645 4243 devovit
668 4179 816 4253 Alcestis3
841 4176 1021 4241 moribunda
1041 4178 1138 4260 jacet3
1162 4178 1292 4241 animam
1314 4177 1386 4259 agit.
1420 4177 1530 4240 Nonne
1552 4185 1645 4258 poeta
1666 4176 1697 4239 id
1720 4177 1827 4259 egisse
1849 4193 1904 4238 ne·

169 4300 308 4362 cessario
335 4297 488 4381 putandus
518 4306 574 4370 est,
615 4304 656 4371 ut,
695 4296 768 4378 quid
798 4296 976 4359 imminente
1007 4302 1107 4358 morte
1134 4294 1185 4358 illa
1214 4293 1357 4366 senserit,
1394 4310 1486 4375 qnam
1518 4292 1718 4357 vehementer
1746 4290 1903 4368 laborarit,

169 4423 360 4500 quantopere
383 4435 489 4480 seeum
512 4414 697 4479 discordarit
719 4421 750 4478 et
772 4431 789 4476 a
812 4431 848 4478 se
870 4414 937 4495 ipsa
959 4411 1135 4485 dissederit,
1158 4418 1228 4474 ante
1251 4409 1359 4474 oculos
1381 4408 1472 4474 nobis
1487 4407 1699 4493 proponerett
1720 4408 1767 4472 De
1788 4407 1904 4490 praeda

169 4535 257 4619 quasi
279 4540 397 4597 certant
417 4535 480 4598 vita
503 4542 533 4597 et
556 4550 657 4606 mors;
687 4531 788 4595 nescit
810 4530 930 4609 mulier,
957 4531 1055 4596 utrius
1078 4536 1181 4612 partes
1203 4535 1368 4611 sequatur3
1398 4526 1491 4591 modo
1512 4527 1582 4604 buo,
1612 4524 1705 4588 modo
1735 4523 1808 4588 illuc
1830 4526 1903 4589 lluc·

272 4783 296 4852 1)
314 4784 354 4839 ci.
372 4783 521 4845 Koecblsus
539 4784 559 4837 1.
577 4785 596 4837 l.
615 4797 640 4849 p.
659 4784 709 4837 379
726 4780 789 4835 inlr.
807 4810 843 4821 —
859 4777 885 4846 ἵ)
903 4782 932 4835 L.
951 4782 969 4835 l.
988 4783 1048 4847 pb
1066 4783 1135 4836 med.
1154 4814 1186 4826 -
1210 4776 1236 4849 ⁸)
1254 4782 1350 4836 Aleesl.
1369 4795 1395 4835 v.
1413 4779 1525 4834 29-31.
1544 4804 1577 4816 -
1594 4773 1621 4841 ⁴)
1639 4776 1703 4832 lbld.
1722 4790 1748 4833 v.
1765 4778 1825 4833 stt.
1843 4777 1902 4832 845.

169 4897 202 4908 -
220 4865 246 4934 ³)
264 4869 292 4924 l..
312 4871 329 4923 l.
347 4882 374 4935 p.
393 4870 441 4923 381
461 4868 525 4922 intr.
544 4895 578 4906 -
596 4863 622 4934 ⁰)
641 4867 744 4923 ttrieeb.
762 4867 868 4930 btytbol.
889 4867 962 4922 Tem.
980 4866 1000 4920 l.
1018 4879 1045 4932 p.
1066 4868 1114 4922 15¹
1134 4877 1191 4933 sqq.
