4250 5442
1106 246 1346 319 ..15-

355 446 389 513 nt
408 453 496 511 recta
518 462 554 510 se
575 443 696 509 habeat.
731 441 827 506 lmmo
861 439 983 505 consilli
1012 439 1051 504 alt
1078 443 1238 508 Alcestide
1268 441 1348 523 capti
1376 440 1467 523 plane
1498 437 1639 523 ignarum
1669 437 1768 503 fnisse
1791 436 1953 503 Admetum

356 563 540 640 clarissimo,
563 568 706 645 quamurn
730 558 874 642 equidem
892 557 1010 641 judico,
1032 577 1092 625 uec
1113 559 1354 625 demonstratum
1378 564 1426 621 est
1447 574 1507 620 nec
1528 554 1733 619 demonstrari
1756 563 1867 637 potest.
1889 555 1999 620 Proici

356 689 458 746 antem
482 680 550 760 ejus
573 675 738 759 disputatio
761 675 799 739 ab
822 675 995 758 argumenti
1018 676 1140 740 uerbis:
1169 669 1260 753 ὅπως
1282 678 1441 758 παράσχῃ
1461 674 1518 739 cdv
1540 671 1622 753 ὑπὲρ
1644 669 1763 738 ἑαυτοῦ
1782 671 1922 739 ἑκόντα
1942 685 1995 737 τε·

357 817 464 880 μονον,
492 793 545 858 ulti
566 792 759 858 Fimhahero
782 794 950 876 interprete
972 791 1089 858 ἑκόντα
1110 792 1184 857 illud
1207 813 1274 857 earn
1299 794 1454 857 dumtaxat
1476 791 1712 873 explicationem
1734 791 1825 854 habet
1833 788 1867 870 ¹),
1890 800 1923 855 ut
1946 791 2005 856 Ad

357 912 510 977 neminem
533 909 571 973 ad
595 908 730 973 officium
753 907 812 972 sibi
834 907 1051 990 praestandum
1076 909 1252 974 cohortatus
1275 929 1347 975 esse
1370 915 1528 973 statuatur.
1552 909 1617 982 Qua
1639 908 1671 969 in
1691 925 1727 969 re
1741 906 1776 969 V.
1800 908 1835 969 [t.
1859 909 1919 970 vim
1942 926 1979 970 ac

357 1030 531 1094 ficationem
554 1025 695 1090 vocabuli
717 1024 858 1091 ἑκόντα
887 1027 919 1089 iu
940 1043 1052 1109 gyrum
1071 1027 1156 1109 juste
1178 1025 1391 1108 angustiorem
1419 1024 1573 1105 compulit.
1608 1021 1676 1087 Vox
1709 1020 1789 1086 ἑκὼν
1822 1023 1904 1085 enirn
1934 1022 2006 1104 dupl

359 1146 474 1211 admitti
495 1150 606 1226 potest,
628 1150 734 1224 utpote
757 1160 836 1226 quae
858 1151 910 1206 aut
931 1141 971 1206 de
994 1160 1033 1206 eo
1056 1141 1183 1220 dicatur,
1207 1143 1259 1225 qui
1281 1141 1393 1205 nullius
1415 1141 1548 1222 impulsu
1571 1147 1601 1204 et
1619 1140 1800 1203 auctoritate
1818 1141 1890 1222 agit,
1914 1147 1965 1203 aut
1986 1139 2004 1202 d

361 1262 413 1345 qui
435 1259 474 1324 alr
496 1259 555 1323 alio
578 1266 749 1323 commotus
771 1258 823 1323 vel
844 1258 985 1322 incitatus
1007 1277 1075 1324 rern
1098 1259 1230 1343 aliquam
1253 1259 1434 1342 aggreditur
1457 1277 1524 1335 seu,
1558 1258 1642 1341 qued
1665 1257 1775 1321 cedern
1796 1257 1886 1335 redit,
1918 1259 1970 1339 qui
1999 1258 2009 1319 l

359 1385 408 1443 ter
429 1394 530 1458 neque
552 1383 678 1439 coactus
700 1376 816 1457 petenti
839 1375 929 1439 alicui
950 1375 1108 1440 satisfacit.
1139 1376 1206 1439 Nec
1233 1376 1366 1440 alienum
1394 1393 1466 1439 esse
1495 1373 1679 1438 vocabulum
1702 1372 1783 1437 ἑκὼν
1804 1393 1822 1438 a
1844 1375 2012 1456 posterior

360 1492 594 1577 significatione,
624 1500 721 1556 testes
749 1499 820 1555 sunt
839 1492 911 1556 illae
932 1492 1080 1575 loquendi
1102 1492 1265 1569 formulae,
1296 1494 1327 1555 in
1354 1490 1466 1575 quibus
1493 1492 1574 1555 inter
1602 1509 1638 1555 se
1660 1499 1854 1573 opponuntur
1876 1491 1958 1556 ἑκὼν
1980 1499 2010 1555 et

359 1609 439 1676 dada
462 1618 493 1675 et
516 1604 607 1673 ἄκων
629 1615 660 1672 et
689 1626 769 1691 quae
798 1609 910 1673 similia
931 1617 1012 1673 sunt.
1045 1611 1097 1675 Sic
1124 1631 1152 1673 v.
1182 1629 1208 1673 ο.
1232 1611 1323 1692 Soph.
1348 1609 1423 1673 0ed.
1447 1609 1512 1672 Col.
1537 1605 1616 1670 939:
1651 1609 1708 1689 βίᾳ
1728 1630 1763 1673 τε
1783 1607 1866 1688 κούχ
1887 1607 1978 1673 ἑκών.

358 1728 532 1792 luculenter
561 1732 688 1806 apparet
715 1723 796 1788 ἑκὼν
824 1743 1052 1808 saepenumero
1082 1726 1260 1809 significare
1289 1745 1360 1791 non
1381 1726 1536 1801 invitus,
1570 1743 1641 1788 non
1673 1734 1830 1790 coactus
1865 1744 1922 1791 seu
1952 1745 2018 1807 spe

360 1844 472 1920 Quidni
493 1843 587 1927 igitur
609 1842 782 1924 argumenti
804 1843 936 1925 scriptor
958 1844 1005 1907 sic
1025 1844 1204 1925 usurparint
1226 1844 1317 1907 Certe
1340 1862 1380 1906 ex
1403 1860 1488 1906 mera
1510 1842 1568 1905 lrac
1591 1860 1669 1906 voce
1690 1841 1805 1907 ἑκόντα
1827 1845 2002 1926 neutiquam

360 1961 488 2027 cludere
509 1961 584 2024 licet
604 1959 744 2023 Alcestin
765 1960 878 2023 nudius
900 1961 1033 2042 impulsu
1056 1980 1092 2025 se
1115 1962 1298 2033 devovisse;
1329 1967 1358 2023 at
1378 1960 1489 2023 liceret
1509 1977 1595 2035 sano,
1624 1960 1652 2022 si
1674 1955 1733 2045 ἀφ’
1754 1958 1883 2038 ἑαυτοῦ,
1907 1962 2020 2043 decep

359 2080 411 2143 rel
432 2079 494 2142 tale
517 2075 589 2160 qnid
612 2074 664 2140 ille
686 2077 874 2158 scripsisset,
897 2077 979 2161 quod
1003 2096 1067 2141 sua
1091 2085 1222 2160 sponte
1245 2080 1294 2142 vel
1316 2079 1415 2142 ultre
1439 2077 1542 2141 dicunt
1563 2072 1699 2152 Latini¹).
1722 2077 1788 2140 Nec
1809 2077 1962 2159 prolecto,
1985 2079 2013 2142 si

359 2194 518 2270 ἑκουσίως
540 2199 620 2275 agat,
645 2192 777 2257 eundem
799 2189 860 2279 ἀφ’
880 2194 1001 2260 ἑαυτοῦ
1021 2213 1119 2278 agere
1140 2213 1275 2259 necesse
1297 2202 1362 2258 est:
1395 2193 1516 2258 scilicet
1537 2199 1639 2273 petest
1659 2201 1787 2276 rogatus
1810 2212 1883 2258 esse
1907 2194 2025 2258 alieru

360 2311 506 2395 precibus
527 2309 661 2374 libenter
678 2311 879 2391 morigerari;
903 2320 1009 2376 contra
1031 2314 1059 2376 si
1082 2314 1151 2396 quis
1174 2309 1234 2399 ἀφ’
1255 2309 1384 2388 ἑαυτοῦ,
1406 2309 1489 2374 idern
1510 2309 1618 2372 hercle
1640 2308 1806 2385 ἑκουσίως.
1831 2343 1870 2355 -
1894 2310 2027 2390 Quidig

361 2428 411 2492 An
432 2429 464 2490 iu
486 2425 589 2490 medic
611 2426 757 2507 relinquit
778 2429 952 2508 argumenti
974 2430 1117 2510 scriptor,
1146 2438 1248 2493 utrum
1276 2446 1333 2492 sua
1361 2434 1472 2509 sponte
1499 2444 1538 2489 an
1560 2424 1684 2488 aliunde
1706 2433 1857 2490 commota
1880 2444 1916 2489 se
1939 2425 2018 2488 devo

363 2541 524 2607 Alcestist
545 2542 706 2623 Optionem
730 2543 818 2624 quasi
840 2542 931 2607 nobis
953 2544 1036 2619 fecit,
1059 2553 1160 2610 utrum
1182 2552 1319 2610 statuere
1341 2541 1503 2606 malimus?
1531 2541 1589 2604 Vix
1611 2542 1677 2604 veri
1700 2549 1749 2604 est
1770 2543 1880 2605 slmile.
1904 2541 1977 2606 Veri
2000 2544 2026 2604 si

363 2659 456 2725 dicei
477 2659 573 2722 lrnmo
595 2676 671 2722 vero
694 2660 786 2723 etiarn
808 2662 1014 2725 certissimum
1037 2670 1169 2727 estnon
1191 2663 1230 2725 de
1253 2661 1393 2724 ultronea
1414 2661 1496 2723 vitae
1519 2658 1685 2722 devotione
1706 2657 1792 2740 loqui
1813 2658 2012 2741 argumentis

361 2792 439 2851 rem,
462 2775 520 2840 sed
542 2774 582 2838 de
603 2776 774 2839 voluntaria
797 2777 931 2859 quidem,
954 2786 984 2842 at
1006 2779 1116 2844 eadem
1138 2788 1239 2844 tamen
1261 2796 1377 2860 operae
1399 2795 1436 2841 ac
1457 2777 1558 2841 studio
1581 2784 1641 2853 aut,
1670 2777 1698 2839 si
1719 2777 1760 2839 ita
1781 2779 1839 2853 vis,
1869 2742 2014 2859 precibus

363 2894 437 2955 mati
459 2892 572 2955 debita.
594 2892 669 2954 Nam
693 2893 774 2965 vide,
797 2896 851 2971 sis,
875 2914 955 2977 quae
978 2896 1143 2961 verborum
1166 2895 1317 2960 sententia
1340 2893 1389 2956 sit.
1418 2888 1603 2974 Ἀπόλλων,
1625 2893 1732 2973 inquit,
1754 2889 1904 2976 ιἤτήσοπο
1926 2895 2017 2981 παρὰ

363 3011 512 3089 Ποιροίν,
536 3000 627 3083 ὅπως
649 3007 668 3070 d
685 3004 862 3092 ’Ἄδμητος
882 3011 1030 3075 τελευτᾶν
1051 3014 1177 3094 μέλλων
1199 3013 1385 3093 παράσχῃ
1406 3010 1481 3073 τινὰ
1501 3011 1559 3073 τὸν
1580 3008 1663 3090 ὗπέρ
1677 3009 1796 3075 ἑαυτοῦ
1812 3010 1927 3075 ἑκόντα
1944 3014 2037 3077 τεθο

362 3144 470 3207 μονον,
495 3122 549 3187 l'au
571 3122 645 3188 ἴσον
665 3130 713 3208 uqi
734 3128 885 3210 προτέρῳ
907 3131 1028 3208 χρόνον
1049 3126 1145 3212 ζήσῃ.
1178 3129 1264 3204 Quae
1286 3128 1327 3190 ita
1349 3128 1554 3209 interpretor:
1577 3126 1714 3207 Apollo
1737 3144 1754 3189 a
1776 3128 1901 3191 Parcis
1923 3129 2031 3209 petiit

363 3239 556 3316 Admetus,
593 3257 697 3321 quum
728 3243 810 3322 ejus
840 3259 939 3306 mors
968 3244 1197 3321 immineret,
1231 3245 1391 3327 aliquem
1419 3242 1526 3307 daret
1553 3244 1611 3307 vel
1633 3245 1805 3320 sisteret,
1838 3246 1900 3326 qni
1933 3244 2035 3308 liban

362 3375 430 3440 pro
452 3374 499 3421 eo
523 3363 675 3421 mortem
699 3357 838 3436 obiret,
867 3368 919 3437 ut,
953 3369 1126 3442 quantum
1148 3362 1332 3444 temporis
1351 3362 1425 3443 jam
1447 3361 1629 3436 uixisset,
1659 3360 1887 3425 tantumdem
1909 3362 2008 3425 iteru
2042 3426 2044 3428 ,

363 3476 459 3539 nivis
482 3482 594 3539 esset.
617 3506 659 3518 -
681 3475 760 3550 Quid
781 3477 897 3559 igiturt
928 3478 1037 3543 Nonne
1063 3498 1125 3544 vox
1152 3482 1310 3563 παράσχῃ
1332 3477 1495 3541 manifesto
1518 3478 1618 3560 arguit
1640 3476 1678 3541 ab
1700 3480 1768 3560 ipso
1791 3478 1923 3543 Admeto
1946 3479 2044 3543 adduc

291 3656 293 3661 ,
364 3591 435 3656 darn
456 3592 555 3657 fuisse
578 3601 618 3669 et,
641 3600 674 3655 ut
696 3593 737 3656 ita
758 3592 867 3671 dicam,
890 3595 1156 3678 suppeditandum,
1179 3598 1233 3680 qui
1246 3597 1328 3660 Oreo
1351 3615 1424 3660 sese
1438 3596 1606 3659 mactaret?
1628 3596 1737 3659 Nonne
1759 3596 1927 3659 curandum
1942 3599 1971 3660 ei
1991 3597 2044 3660 luis

363 3716 396 3773 ut
417 3708 550 3773 vicarius
572 3728 634 3774 non
657 3709 805 3774 deessetl
837 3711 895 3786 Qui
917 3731 993 3777 vero
1015 3712 1046 3776 id
1069 3714 1314 3798 aggrediendum
1337 3715 1367 3778 ei
1391 3711 1477 3777 erati
1510 3713 1619 3777 Nonne
1642 3714 1692 3787 ila,
1723 3722 1755 3778 nt
1778 3733 2044 3797 quoqueversust

363 3827 569 3908 cumspieiens
591 3836 757 3910 quaereret
779 3846 860 3906 enm,
892 3831 944 3913 qui
966 3829 1102 3895 officium
1125 3833 1184 3913 ipsi
1206 3830 1398 3914 praestaret?
1424 3862 1465 3876 -
1495 3831 1561 3895 Nec
1583 3830 1697 3894 frustra
1720 3831 1750 3894 id
1774 3831 1865 3909 lecit3
1900 3832 2044 3896 obsecuta

363 3951 410 4006 est
431 3928 521 4007 uxor.
557 3945 656 4018 Ouidi
692 3947 805 4009 Tamen
827 3947 982 4029 ignoravit
1002 3949 1064 4024 ille,
1101 3967 1141 4011 ex
1161 3949 1223 4011 vita
1246 3968 1445 4031 egressuram
1469 3966 1541 4012 esse
1565 3967 1643 4025 earn,
1678 3969 1768 4032 quarn
1790 3951 1859 4032 ipse
1881 3949 2044 4014 adduxisse

362 4062 577 4144 suppeditasse
599 4063 718 4127 fertur?
740 4064 806 4128 lloc
828 4065 951 4147 quidem
973 4064 1064 4147 (pace
1088 4067 1250 4130 clarissimi
1272 4067 1331 4129 viri
1354 4063 1497 4147 dixerim)
1520 4066 1626 4130 credat
1647 4067 1783 4131 iudaeus
1805 4069 1930 4150 Apella!

488 4175 519 4261 ξ.
541 4177 591 4243 27.
615 4180 677 4246 Sed
700 4181 782 4245 aliud
803 4189 1015 4265 argumentum
1038 4190 1143 4257 restat,
1174 4183 1256 4265 quod
1282 4182 1321 4245 ad
1350 4185 1532 4248 sententiam
1561 4201 1647 4246 suurn
1677 4185 1855 4249 firmandam
1888 4184 1983 4247 attulit
2014 4184 2044 4246 Fi

361 4295 469 4369 haber.
491 4297 641 4362 hovocat
660 4299 740 4363 enirn
759 4297 796 4362 ad
808 4318 837 4362 v.
852 4295 911 4363 145
919 4295 957 4379 ⁸),
979 4299 1032 4363 ubi
1054 4318 1161 4363 serva:
1185 4295 1278 4365 ὄοπω
1301 4298 1384 4383 rdd',
1407 4302 1513 4383 inquit,
1537 4292 1609 4366 οἶδε
1629 4301 1804 4386 δεσπότης,
1827 4305 1903 4384 πρὶν
1926 4294 1967 4364 civ
1989 4304 2044 4367 ποί,1

363 4412 443 4476 unde
467 4414 622 4479 concludit
643 4415 677 4478 V.
702 4417 738 4481 D.
761 4417 968 4482 imminentem
991 4418 1158 4482 Alcestidis
1182 4427 1310 4483 mortem
1333 4418 1371 4481 ab
1393 4418 1526 4483 Admeto
1549 4419 1719 4502 ignoratam
1744 4418 1850 4483 luisse.
1887 4419 1948 4483 Sed
1971 4421 2001 4482 in
2024 4422 2044 4501 iq

365 4530 466 4595 verbis
488 4531 579 4615 huius
602 4535 773 4599 sententiae
802 4552 843 4599 ne
870 4535 978 4599 umbra
1001 4536 1125 4619 quidem
1147 4544 1288 4619 apparet:
1321 4541 1474 4618 pertinent
1506 4537 1609 4618 potius
1643 4537 1680 4601 ad
1713 4535 1808 4599 verba
1842 4539 1984 4618 proxime
2015 4556 2044 4599 ar

363 4709 649 4718 ——mmwfl-
662 4713 672 4717 -
679 4713 750 4720 ω...-

463 4813 492 4880 ¹)
510 4816 638 4873 Zeltselrr.
657 4820 703 4872 fur
720 4820 832 4874 Altertls.
854 4821 928 4876 taut.
945 4835 972 4887 p.
991 4823 1041 4875 417
1060 4834 1135 4888 supr.
1163 4850 1197 4859 -
1219 4818 1246 4887 ²)
1264 4824 1304 4879 cl.
1321 4822 1489 4890 Doederlein,
1506 4822 1606 4875 llandtt.
1625 4821 1673 4876 der
1690 4820 1784 4877 latelu.
1804 4822 1975 4887 synonymik.
1993 4835 2019 4888 p.
2039 4826 2044 4874 t

363 4914 384 4953 s.
403 4914 429 4955 u.
446 4903 579 4966 sponte.
597 4930 632 4939 —
650 4898 676 4967 ³)
695 4904 823 4960 zeitschr.
842 4905 861 4960 f.
879 4906 930 4960 nlt.
950 4905 967 4959 l.
988 4907 1005 4959 l.
1025 4920 1049 4971 p.
1069 4907 1120 4960 418
1138 4920 1212 4972 supr.
