4250 5442
1117 203 1353 281 Λα..

250 387 253 400 ¹
301 420 312 435 ’·
363 406 415 487 qai
437 404 604 485 suaculpa
627 403 827 468 calamitatem
852 401 910 467 sibi
933 406 1131 482 contraxerit,
1152 385 1212 468 nec
1234 402 1346 486 dignus
1369 402 1517 476 uideatur,
1548 404 1597 467 cui
1621 400 1865 469 misericordiam
1886 409 1992 467 nostra

362 524 541 604 pertiamus.
565 522 652 596 Quod
676 524 703 586 si
726 541 832 587 verum
856 532 912 596 est,
936 523 1064 586 alterum
1079 520 1153 585 illud
1164 521 1314 602 sequitur,
1336 520 1503 584 homullum
1526 519 1604 582 adeo
1627 519 1778 602 abjectum
1800 528 1892 602 atque
1915 527 2006 584 conte

362 657 557 721 nequaquam
581 657 651 702 cum
674 657 757 715 csse,
780 640 842 722 qui,
865 639 1046 721 praesertim
1069 639 1100 700 in
1123 636 1293 719 tragoedia,
1316 645 1417 701 tantae
1439 645 1563 722 tamque
1574 656 1750 720 generosae
1762 638 1902 701 mulieris
1924 638 1993 700 vice

364 756 471 838 possit
502 755 590 831 Nam,
618 763 651 820 ut
672 774 765 837 supra
784 757 847 838 Jam
871 756 1014 832 diximus,
1044 756 1192 837 tragicam
1221 771 1386 836 personam
1415 772 1488 818 esse
1517 753 1681 818 Admetum
1703 753 1872 818 Firnhabcr
1894 752 1966 817 inde
1989 772 2007 815 e

365 872 447 955 quod
470 872 684 960 misericordia
707 872 819 956 dignus
841 873 1001 938 habendus
1023 874 1072 938 sit.
1105 871 1287 954 Neutiquam
1317 888 1394 935 vero
1422 868 1581 935 habendus
1605 880 1662 949 est,
1691 871 1946 955 quemadmodum
1976 871 2012 932 da

365 991 547 1064 stravimus;
572 1009 650 1073 ergo
672 1010 734 1055 non
757 999 804 1056 est
826 994 944 1075 tragica
966 1009 1109 1074 persona.
1132 1021 1175 1033 -
1195 988 1291 1070 ldque
1314 988 1412 1069 magis
1436 989 1525 1051 etiam
1545 987 1711 1070 apparebit,
1734 990 1853 1053 sicum
1876 997 1955 1051 tanta
1970 987 2010 1050 ho

365 1108 503 1189 nequitia
525 1108 715 1188 praeclaram
739 1110 851 1173 Teucri
872 1109 1008 1172 indolem
1031 1106 1270 1189 comparaveris.
1294 1103 1372 1178 Quid
1396 1104 1478 1167 enim
1500 1105 1574 1168 ittet
1604 1105 1683 1168 Num
1706 1105 1886 1178 decessore,
1910 1105 1938 1167 si
1959 1092 2018 1165 dit‘

368 1231 427 1299 cet,
449 1223 607 1306 indignum
630 1244 666 1289 se
688 1225 837 1307 praebet?
866 1226 935 1289 Non
958 1225 1182 1289 fortissimum?
1210 1222 1278 1285 Non
1300 1224 1438 1303 apprime
1461 1222 1670 1304 impavidum?
1695 1223 1764 1287 Non
1787 1222 1915 1287 mirifice
1937 1223 1989 1302 piu

367 1342 484 1422 trisque
513 1342 776 1406 amantissimum?
812 1343 870 1416 Qui
897 1342 1048 1418 Menelao,
1084 1341 1137 1422 qui
1168 1339 1403 1423 Agamemnoni,
1438 1340 1490 1423 qui
1517 1341 1573 1403 toti
1602 1358 1789 1423 graecorum
1820 1339 1971 1404 exercitui

367 1476 460 1521 eausa
481 1457 603 1523 fortiter
625 1461 776 1525 resistere
798 1460 898 1537 audet,
922 1494 960 1504 -
985 1466 1097 1543 quanto
1121 1458 1232 1533 animo,
1260 1475 1351 1539 quam
1381 1455 1516 1520 fraterno
1543 1475 1579 1520 ac
1600 1459 1721 1540 pietatis
1743 1458 1834 1539 plena
1856 1457 2012 1521 voluntate

367 1593 440 1639 csse
462 1574 616 1639 dicamus!
650 1575 718 1639 dam
750 1578 778 1640 si
806 1596 875 1641 cum
902 1585 947 1640 tot
976 1576 1129 1657 tantisque
1158 1574 1270 1638 Teucri
1297 1573 1438 1638 laudibus
1459 1573 1584 1639 Admeti
1605 1576 1677 1638 vitia
1699 1584 1932 1657 componuntur,
1962 1593 2003 1656 qu

366 1693 496 1756 interest
516 1693 597 1755 inter
618 1702 799 1778 utrumque!
832 1694 881 1759 Ab
904 1694 962 1757 hac
985 1693 1067 1758 onim
1089 1699 1176 1773 parte
1199 1700 1357 1773 comparet
1378 1693 1507 1766 animus,
1531 1691 1569 1755 ab
1591 1692 1643 1755 illa
1664 1692 1825 1767 timiditas;
1856 1693 1927 1756 hinc
1950 1690 2019 1755 iort'

366 1807 449 1870 illinc
470 1808 610 1891 ignavia;
633 1810 705 1874 hinc
726 1810 830 1875 fratris
853 1830 950 1885 amor,
973 1811 1058 1874 illinc
1080 1815 1242 1890 parentum
1265 1808 1384 1883 odium;
1405 1810 1477 1873 hine
1500 1812 1679 1890 constantia,
1701 1812 1785 1875 illinc
1806 1810 1998 1875 imbecillitas
2005 1836 2013 1883 ;

367 1924 500 2006 denique
522 1926 668 2008 gravitas,
698 1930 805 2007 virtus,
833 1930 942 2011 pietas,
971 1929 1055 1991 illinc
1077 1927 1196 2002 leuitas,
1227 1926 1371 2009 nequitia,
1398 1926 1610 1992 inhumanitas.
1647 1928 1714 2003 Quo
1738 1929 1847 1993 melius
1869 1928 1964 2010 igitur
1987 1926 2010 1988 T

365 2052 399 2107 ut
420 2044 527 2127 Ajaois
549 2063 717 2110 successor
738 2054 842 2128 partes
865 2065 939 2111 suas
962 2045 1075 2127 explet,
1106 2062 1167 2126 quo
1197 2042 1371 2126 digniorem
1401 2044 1550 2106 cothurno
1583 2044 1665 2108 idem
1694 2063 1730 2108 se
1759 2043 1910 2109 ostendit:
1946 2061 1984 2107 eo

367 2161 489 2226 Admeti
511 2181 647 2244 persona
669 2183 687 2227 a
709 2165 870 2247 tragoedia
893 2163 1049 2237 abhorret,
1080 2179 1212 2244 cumque
1241 2158 1400 2241 praeclara
1426 2159 1593 2223 Alcestidis
1616 2160 1720 2225 indole
1744 2162 1853 2225 mirum
1877 2166 2021 2242 quantum

367 2287 481 2360 crepat,
505 2298 565 2361 quo
589 2280 630 2356 lit,
652 2288 686 2345 ut
707 2299 770 2346 non
791 2289 852 2345 tam
874 2281 1018 2365 inhujus
1040 2280 1143 2343 locum
1166 2275 1349 2349 succedere,
1381 2293 1470 2359 quam
1503 2295 1578 2359 prae
1601 2279 1680 2341 miro
1703 2281 1772 2361 ejus
1795 2277 1962 2361 splendore
1985 2294 2003 2340 ο

366 2393 435 2457 fere
458 2395 637 2476 dignitatem
659 2399 799 2461 amittere
821 2405 858 2461 ac‘
879 2416 979 2480 paene
1002 2414 1194 2461 evanescere
1215 2393 1267 2458 illa
1288 2391 1438 2455 videatur.

495 2507 525 2590 §.
547 2508 599 2573 29.
633 2511 700 2575 lam
724 2514 834 2591 exiis,
870 2533 949 2597 quae
972 2513 1064 2578 modo
1088 2512 1318 2595 disputavimus,
1346 2509 1422 2572 satis
1444 2517 1579 2591 apparet,
1611 2530 1700 2594 quam
1723 2511 1925 2577 vehementer
1947 2527 2034 2597 erre

368 2626 420 2709 qui
443 2626 624 2691 Firnhaberi
646 2631 827 2694 auctoritate
855 2630 927 2695 freti
948 2632 1088 2695 Alcestin
1109 2631 1141 2692 in
1163 2626 1393 2710 tragoediarum
1416 2627 1589 2711 catalogum
1611 2629 1735 2694 referre
1757 2649 1853 2714 posse
1875 2628 1934 2694 sibi
1956 2627 2036 2725 videq

367 2743 520 2825 Sequitur,
553 2751 587 2807 ut
612 2745 738 2809 alteram
760 2747 843 2810 illam
865 2749 1056 2821 sententiam,
1090 2745 1249 2826 Koechlyi,
1285 2745 1503 2817 examinemus,
1536 2765 1596 2827 qua
1624 2748 1727 2811 statuit
1748 2747 1782 2810 V.
1806 2747 1850 2812 cl.
1878 2746 2018 2811 Alcestin

368 2877 484 2921 meram
508 2860 632 2941 quidem
655 2863 857 2940 comoediam,
881 2864 937 2929 scd
961 2883 1028 2928 eam
1050 2871 1152 2926 tamen
1174 2860 1307 2925 fabulam
1330 2878 1413 2936 csse,
1443 2879 1523 2943 quae
1545 2861 1584 2924 ad
1607 2862 1836 2928 comoediarum
1858 2864 2015 2927 levitatem

369 2975 451 3039 xime
475 2976 601 3041 accedat
623 2987 714 3061 atque
737 2980 855 3055 eadem,
878 2983 1007 3063 paucula
1030 3001 1048 3044 a
1071 2980 1222 3044 cothurno
1245 2984 1386 3052 mutuata,
1416 2995 1434 3040 a
1462 2978 1632 3060 tragoediis
1655 2980 1693 3044 ad
1716 2981 1894 3046 comoedias
1918 2981 2036 3064 quasi*

369 3093 483 3156 muniat
494 3089 528 3167 ¹),
552 3113 644 3175 quum
661 3098 846 3177 praesertim
869 3117 908 3163 eo
929 3107 1070 3180 tempore
1093 3097 1266 3177 conscripta
1281 3093 1336 3166 sit,
1360 3110 1422 3174 quo
1444 3095 1600 3177 antiquum
1622 3095 1695 3160 illud
1718 3097 1823 3162 drama
1844 3098 2011 3180 satyricum
2029 3115 2036 3177 g

364 3209 429 3290 jam
442 3206 659 3274 obsolevisset.
683 3212 743 3277 Sed
766 3215 860 3278 missa
882 3215 940 3279 hac
961 3217 1144 3299 quaestione
1166 3213 1206 3277 de
1226 3210 1366 3286 transitu,
1393 3227 1454 3292 quo
1476 3219 1588 3291 poetae
1610 3215 1728 3277 scenici
1739 3215 1912 3279 Atticorum
1933 3213 2036 3278 sensio

368 3324 523 3407 paullatim
546 3346 564 3390 a
587 3328 736 3395 cothurno
758 3331 797 3395 ad
820 3351 945 3397 soccum
967 3332 1086 3415 delapsi
1108 3331 1178 3405 sint,
1202 3329 1276 3394 satis
1298 3326 1419 3391 habebo
1443 3326 1482 3391 dc
1495 3329 1591 3394 altera
1608 3331 1659 3394 illa
1670 3332 1798 3396 strictim
1812 3349 1985 3413 exponere:
2008 3338 2036 3393 ut

368 3451 455 3507 recte
477 3461 513 3506 se
535 3442 676 3523 habeant,
700 3465 738 3510 an
761 3467 863 3525 secus,
894 3470 973 3533 quae
996 3449 1035 3514 de
1058 3450 1177 3513 comica
1198 3444 1365 3512 Aloestidis
1389 3443 1492 3508 indole
1513 3445 1690 3530 Koechlyus
1713 3449 1897 3531 disputavit?
1933 3449 1999 3522 Qua
2020 3448 2036 3509 it

372 3560 501 3642 egregie
524 3559 624 3625 facem
646 3566 791 3645 praetulit
811 3565 1097 3639 Rauchensteinius,
1129 3574 1233 3647 utpote
1265 3562 1317 3644 qui
1344 3560 1572 3643 Koechlyanam
1602 3564 1851 3630 dissertationem
1879 3563 1918 3628 ad
1948 3564 2036 3627 obrm

373 3677 523 3758 exegerit,
547 3677 585 3741 ad
608 3699 699 3762 quem
722 3681 817 3763 igitur
839 3683 1020 3767 delegarim,
1051 3685 1103 3766 qui
1135 3682 1175 3746 de
1204 3681 1356 3745 sententia
1377 3678 1573 3762 Koechlyana
1595 3683 1767 3747 accuratius
1791 3681 1899 3753 doceri
1930 3700 1966 3745 se
1995 3700 2034 3745 uo

371 3791 468 3856 Nobis
499 3812 575 3858 vero
604 3797 748 3879 graviora
778 3800 929 3882 quaedam
957 3801 1102 3883 tetigisse
1124 3797 1266 3873 sufficiat,
1302 3816 1382 3881 quae
1408 3797 1468 3860 huo
1497 3797 1603 3864 iacere
1625 3800 1777 3866 uidentur.
1811 3801 1956 3864 Ceterum
1990 3799 2021 3862 in

371 3910 554 3991 quaestione
576 3930 667 3976 omne
689 3915 840 3979 cautionis
863 3934 962 3998 genus
986 3915 1191 3980 adhibendum
1215 3924 1271 3989 est,
1294 3934 1334 3979 ne
1357 3915 1407 3978 hic
1429 3915 1492 3978 illic
1513 3916 1626 3982 nubem
1648 3936 1705 4000 pro
1727 3918 1849 3982 lunone
1872 3916 2036 3999 amplectar

371 4025 546 4109 Koechlyus
570 4028 660 4103 enim,
689 4038 722 4094 ut
753 4040 840 4096 recte
871 4032 944 4096 dicit
964 4030 1285 4111 Rauchensteinius¹),
1317 4041 1410 4097 totam
1441 4033 1595 4116 Euripidis
1618 4035 1761 4110 fabulam,
1793 4036 1932 4118 exceptis
1953 4036 2002 4106 iis,
2031 4058 2036 4093 r

372 4162 440 4208 cum
462 4144 531 4226 ipsa
552 4145 710 4211 Alcestidc
733 4149 909 4225 cohaerent,
932 4150 1082 4212 inrisum
1105 4157 1229 4215 vertere
1252 4148 1369 4223 studet3
1399 4148 1438 4212 de
1460 4168 1517 4213 suo
1541 4152 1692 4234 quaedam
1715 4152 1813 4233 addit5
1845 4159 1955 4235 poetae
1977 4150 2027 4212 hic

365 4257 515 4337 obtrudit,
538 4279 617 4344 quae
640 4281 679 4326 ex
701 4264 766 4328 suis
789 4264 886 4347 ipsius
910 4267 1032 4329 scriniis
1054 4267 1175 4347 petivit,
1199 4268 1230 4330 in
1252 4266 1364 4330 falsum
1386 4266 1531 4330 nonnulla
1553 4277 1661 4352 auget;
1691 4269 1826 4352 indeque
1848 4266 1889 4338 fit,
1921 4274 1954 4330 ut
1974 4267 2033 4331 Ale

372 4374 483 4449 sabula,
507 4377 628 4459 qualem
650 4377 825 4461 Koechlyus
848 4389 917 4446 ante
940 4383 1048 4447 oculos
1072 4382 1162 4447 nobis
1184 4382 1354 4465 proposuit,
1384 4400 1447 4445 non
1468 4384 1598 4466 amplius
1619 4385 1785 4468 Euripides
1807 4384 1856 4459 sit,
1878 4382 1937 4447 sed
1958 4401 2036 4448 nova

373 4498 404 4555 et
425 4491 463 4555 ab
486 4493 652 4576 Euripidea
674 4495 808 4561 diversa.
835 4531 874 4544 -
903 4498 964 4564 Sed
986 4508 1020 4564 ut
1040 4519 1108 4565 rem
1130 4501 1228 4584 ipsam
1250 4500 1450 4577 illustremus,
1479 4517 1541 4566 neu
1569 4502 1710 4585 cupidius
1733 4518 1823 4585 mam
1845 4502 1951 4565 verius
1970 4499 2036 4582 judi

373 4668 757 4681 *ψει-Μ...

477 4774 501 4843 1)
519 4777 576 4832 vid.
594 4781 685 4849 Prata,
702 4781 859 4836 literarhist.
879 4783 970 4837 Tasci.
993 4787 1066 4841 1847.
1086 4799 1112 4854 p.
1131 4790 1190 4844 388.
1209 4788 1268 4843 389.
1287 4815 1322 4825 -
1339 4786 1374 4840 cl.
1393 4786 1600 4852 uauchenstem,
1619 4785 1644 4841 d.
1662 4787 1716 4840 Alc.
1737 4785 1785 4842 des
1802 4788 1864 4845 Eur.
1882 4788 1934 4843 etc.
1953 4784 2022 4849 pit

375 4888 408 4899 -
426 4858 452 4926 2)
469 4863 500 4916 o.
519 4864 613 4918 Alcest.
634 4866 680 4922 des
700 4868 760 4921 Eur.
780 4870 831 4922 etc.
849 4882 874 4934 p.
894 4870 911 4922 t
930 4880 956 4932 p.
975 4871 1044 4925 med.

1801 4963 1822 5027 3
