4250 5442
888 230 1127 307 ,ιι-

137 433 217 505 tatis,
252 446 331 513 quae
363 428 530 512 unicuique
559 444 707 493 nauseam
737 444 800 491 nnn
831 427 938 492 lacere
968 444 1029 492 non
1058 427 1184 515 potasti
1215 427 1333 509 Nempe
1366 426 1482 491 Pheres
1508 440 1572 517 non
1593 426 1623 489 is
1645 430 1701 498 est,
1735 422 1788 506 qui
1820 436 1878 504 pre

137 551 268 615 Admeto
292 555 382 630 eaput
403 567 493 614 suurn
516 549 675 614 deuouere
696 547 780 611 velit.
815 548 880 623 Qua
910 547 942 610 in
963 564 1000 611 re
1022 563 1085 610 non
1107 562 1224 628 urgere
1246 545 1277 607 in
1299 544 1400 608 animo
1424 550 1473 608 est
1493 544 1561 626 ejus
1583 541 1794 617 rusticitatem,
1817 557 1878 622 qua

137 664 501 749 patrismisericordiam
531 672 624 747 atque
646 665 725 729 dona
748 665 868 747 respuit
896 666 938 739 (v.
961 659 1024 727 629
1046 665 1145 745 sitdiu
1178 679 1241 726 uon
1263 660 1441 738 fauturum,
1475 679 1515 725 ex
1536 678 1595 743 qua
1618 659 1659 732 ht,
1688 665 1722 722 ut
1746 656 1877 722 eandem

137 783 301 866 ignaviam,
325 799 384 863 qua
406 781 474 862 ipse
498 783 578 844 mori
599 789 732 855 recuset,
756 781 934 864 grandaevo
957 780 1034 861 patri
1057 779 1228 861 exprobret
1248 774 1395 853 (ι.642);
1419 796 1480 842 uon
1503 774 1878 860 deniqucimpudentimes

139 915 198 980 qua
219 897 389 979 legitimum
412 896 536 961 Admeti
558 897 652 962 filiurn
675 916 711 963 se
734 917 806 963 esse
829 897 943 963 dubitat
966 900 1008 972 (v.
1026 893 1089 959 636
1101 915 1180 979 sqq,
1193 891 1285 971 elin:
1308 894 1364 959 sed
1387 893 1425 958 ab
1448 895 1530 958 omui
1553 911 1615 960 non
1634 895 1747 976 pietate
1766 893 1878 965 soluat,

137 1015 195 1081 sed
217 1022 323 1078 natura
344 1013 497 1078 recedere
519 1014 670 1096 putandus
694 1024 751 1093 est,
775 1017 802 1080 si
825 1018 903 1099 quis,
926 1022 960 1078 ut
980 1014 1022 1078 ait
1044 1012 1234 1088 Wielandus,
1256 1020 1374 1094 patreru
1396 1013 1456 1075 boc
1480 1011 1571 1076 ruodo
1594 1019 1710 1076 tractat.
1734 1009 1878 1074 Proiecto

138 1142 200 1198 tota
221 1134 309 1205 ratio,
340 1151 399 1215 que
428 1131 545 1197 Pheres
575 1141 605 1198 et
632 1133 781 1198 Admetus
811 1135 844 1197 iu
874 1151 968 1199 scena
990 1133 1047 1196 ista
1070 1150 1107 1195 se
1129 1131 1260 1194 invicem
1285 1131 1458 1213 objurgant,
1488 1149 1550 1194 uon
1578 1139 1638 1194 tear
1666 1130 1760 1194 bilem
1788 1146 1880 1211 quam

139 1248 274 1315 taedium
298 1256 410 1321 movet,
442 1257 473 1312 et
501 1248 552 1312 hic
579 1249 702 1331 quidem
732 1267 826 1316 aures
848 1257 972 1314 nostras
995 1267 1033 1313 eo
1058 1249 1157 1331 magis
1180 1248 1273 1312 violat
1294 1248 1436 1331 maleque
1458 1248 1560 1322 habet,
1590 1265 1651 1331 quo
1682 1248 1780 1329 magis
1810 1247 1879 1328 eius

140 1365 236 1431 rerba
258 1364 410 1429 dedecent
432 1384 512 1443 euur,
542 1366 594 1448 qul
623 1384 809 1448 generosam
832 1384 962 1431 uxorem
986 1366 1121 1430 elaturus
1145 1373 1201 1430 est.
1234 1364 1282 1429 Ne
1304 1366 1406 1443 malta,
1433 1382 1495 1430 non
1523 1382 1688 1446 possumus
1715 1364 1790 1447 quin
1816 1362 1879 1428 hd·

141 1490 263 1559 metum,
294 1483 342 1544 cui
360 1483 424 1563 jam
446 1482 484 1545 ab
507 1483 592 1546 initio
615 1483 773 1548 auditores
795 1502 901 1567 parum
925 1482 1042 1547 lavisse
1063 1500 1198 1548 necesse
1221 1490 1278 1559 est,
1307 1489 1378 1564 post
1407 1482 1485 1546 hanc
1512 1500 1637 1547 scenam
1666 1481 1814 1545 insulsam
1843 1498 1880 1544 ac

139 1599 290 1663 nefariam
317 1616 447 1680 prorsus
473 1617 664 1664 aversemur.
698 1601 763 1665 Nec
785 1602 867 1678 latet,
899 1618 955 1664 cur
982 1601 1028 1663 sic
1057 1600 1280 1663 existimemus.
1314 1599 1425 1664 Nititur
1455 1600 1536 1663 enim
1561 1598 1710 1680 Judicium
1739 1605 1880 1662 nostrum

139 1716 295 1798 impietate
316 1715 448 1789 Admeti,
482 1735 542 1798 qua
564 1725 682 1798 patrem
705 1718 844 1799 increpat
866 1735 905 1780 eo
927 1718 997 1798 ipso
1019 1724 1170 1798 ternpore,
1205 1735 1267 1799 quc
1296 1718 1404 1781 uxoris
1431 1735 1546 1799 corpus
1574 1725 1677 1781 terrae
1703 1714 1881 1780 reddituras

141 1840 204 1906 est;
226 1833 332 1896 nititur
354 1831 425 1896 odio
449 1833 517 1914 ejus
540 1834 571 1896 in
593 1833 765 1910 Pheretem‚
790 1833 872 1916 quod
895 1834 978 1896 omni
997 1833 1081 1915 justa
1103 1843 1189 1897 caret
1210 1836 1344 1908 ratione;
1379 1835 1481 1898 nititur
1511 1835 1644 1917 denique
1667 1833 1788 1916 ignavie
1810 1833 1880 1915 ejus

140 1969 176 2014 ac
199 1949 373 2026 formidine,
403 1968 462 2032 qua
492 1969 532 2013 ue
555 1951 715 2015 carissima
749 1950 872 2034 quidem
902 1951 985 2015 Orco
1008 1957 1143 2013 mactare
1165 1957 1301 2012 veretur.
1335 1949 1420 2012 llanc
1448 1968 1534 2013 suam
1561 1950 1728 2032 nequitiam
1757 1948 1880 2013 cumulo

140 2074 235 2149 auget
255 2064 416 2142 Admetus,
439 2065 493 2129 ubi
516 2083 553 2129 eo
576 2085 677 2149 usque
700 2067 848 2149 procedit,
871 2075 903 2131 ut
924 2068 1001 2131 iram
1025 2066 1154 2129 deorum
1177 2066 1209 2128 in
1230 2066 1328 2147 capita
1348 2074 1508 2148 parentum
1531 2066 1712 2132 detestetur.

266 2179 297 2262 ἓ.
319 2178 371 2249 45.
394 2182 509 2245 Verum
532 2182 656 2264 quidem
679 2192 736 2259 est,
758 2201 819 2246 nec
841 2183 913 2247 alibi
934 2182 1110 2264 hujusmodi
1132 2201 1244 2246 scenas
1267 2182 1391 2247 deesse.
1413 2186 1454 2248 At
1475 2192 1589 2248 tuntum
1612 2184 1709 2260 abest,
1732 2190 1765 2249 ut
1785 2182 1881 2247 insul·

140 2302 230 2364 silete
253 2317 291 2361 ac
313 2297 461 2362 foeditate
483 2298 561 2361 hauc
584 2307 719 2362 nostram
743 2300 953 2381 aequiparent,
986 2306 1020 2361 ut
1046 2297 1216 2380 singularia
1244 2300 1318 2362 artis
1345 2300 1521 2363 rhetoricae
1548 2300 1718 2381 specimine
1741 2317 1814 2363 esse
1835 2299 1881 2361 vi·

141 2416 279 2493 deantur,
310 2424 497 2499 quapropter
523 2435 592 2480 cum
622 2417 811 2481 orationibus
841 2416 1018 2481 forensibus
1041 2415 1122 2480 haud
1144 2417 1248 2497 inepte
1269 2434 1324 2480 eas
1347 2434 1510 2498 compares
1522 2413 1555 2492 ¹).
1589 2417 1626 2480 Et
1647 2415 1821 2498 Euripides,
1853 2415 1882 2479 si

141 2534 210 2617 quis
233 2534 321 2610 alius,
345 2534 372 2597 is
395 2540 452 2610 est,
476 2534 528 2616 qui
550 2534 581 2596 in
603 2534 714 2599 fabulis
738 2541 835 2599 arteru
859 2552 945 2598 suam
967 2534 1153 2598 rhetoricam
1176 2552 1252 2614 prae
1274 2553 1310 2598 se
1328 2534 1416 2599 lerre
1432 2542 1522 2609 eruet,
1546 2553 1587 2598 cx
1609 2551 1671 2617 quo
1692 2533 1735 2610 lit,
1758 2539 1790 2595 ut
1812 2532 1881 2613 ejus

140 2668 295 2734 personae
318 2649 486 2732 quamlibet
507 2650 704 2713 concertandi
728 2652 924 2714 occasionem
947 2650 1124 2714 avidissime
1138 2653 1294 2731 arripiant.
1317 2652 1357 2714 At
1380 2670 1470 2734 quarn
1493 2653 1588 2734 longe
1611 2650 1767 2733 discrepat
1787 2657 1882 2713 teter-

141 2769 251 2833 rimum
274 2765 356 2831 istud
375 2766 525 2849 jurgium,
558 2767 590 2828 iu
617 2784 678 2851 quo
703 2768 754 2829 vix
777 2767 854 2830 mica
877 2768 951 2832 salis
973 2768 1063 2841 inest,
1094 2767 1297 2831 asubtilibus
1320 2769 1380 2832 illis
1404 2776 1434 2832 et
1456 2769 1547 2832 salsis
1570 2768 1771 2842 orationibus,
1803 2783 1881 2849 quae

143 2902 315 2967 quanquam
338 2901 396 2946 nec
424 2883 484 2963 ipsi
512 2882 694 2965 tragoediae
716 2886 791 2948 satis
814 2886 1009 2959 conveniunt,
1043 2893 1147 2950 tamen
1178 2905 1241 2950 nun
1267 2893 1381 2950 mnium
1412 2887 1489 2950 miro
1518 2886 1610 2949 modo
1634 2885 1794 2958 delectant,
1823 2882 1882 2949 sed

142 3002 233 3065 etiam
256 2999 422 3064 artificiose
445 3007 476 3062 et
498 3000 658 3083 eleganter
680 3004 869 3082 compositae
891 3011 973 3065 suut!
998 3003 1084 3077 Quae
1107 3022 1199 3086 quum
1221 3005 1261 3068 ita
1284 3004 1353 3077 sint,
1379 3004 1429 3066 vix
1441 3004 1577 3085 perspici
1591 3010 1703 3086 potest,
1726 3000 1882 3086 quomodo

141 3118 313 3183 Brumoeus
337 3124 367 3180 et
389 3115 559 3180 Firnhaber
568 3112 594 3194 ²)
617 3136 633 3180 a
656 3137 692 3181 se
714 3119 914 3199 impetrarint,
943 3126 976 3182 ut
1004 3119 1171 3183 Alcestidis
1198 3128 1355 3184 auctorem
1378 3121 1408 3183 in
1432 3120 1488 3183 beo
1511 3138 1603 3184 causa
1625 3119 1710 3184 serio
1734 3118 1881 3185 deiende·

142 3243 220 3299 rent.
254 3269 293 3278 -
325 3234 358 3297 ld
381 3252 474 3298 unum
497 3241 603 3312 restat,
631 3236 723 3310 unde,
755 3238 782 3299 si
813 3243 952 3318 quaest,
981 3238 1214 3300 excusationem
1244 3237 1395 3321 quandam
1425 3236 1636 3318 putidissimae
1668 3237 1742 3300 huic
1769 3252 1882 3301 scenae

142 3360 251 3436 petere
273 3353 387 3433 possis,
412 3351 493 3433 quod
515 3361 616 3433 poeta,
641 3355 753 3436 quippe
777 3355 829 3436 qui
851 3354 969 3416 animos
993 3361 1200 3435 spectatorum
1228 3356 1434 3419 austeritate
1457 3355 1494 3418 ad
1518 3354 1700 3418 hilaritatem
1721 3355 1882 3436 risumque

144 3469 260 3534 sensim
283 3468 447 3532 traducere
469 3469 611 3546 vuluerit,
642 3478 712 3550 pust
739 3472 888 3552 tragicam
919 3470 1040 3535 tabulae
1073 3472 1321 3535 commissionem
1348 3471 1535 3553 pedetentim
1565 3480 1595 3536 et
1616 3471 1768 3554 gradatim
1789 3490 1807 3535 a
1829 3488 1883 3535 ou·

144 3585 246 3650 tburni
268 3584 440 3667 granditate
462 3585 501 3648 ed
523 3586 609 3649 socci
631 3587 846 3653 scurrilitatem
870 3587 1064 3652 descendere
1087 3588 1238 3654 debuerit.
1268 3591 1345 3652 ilinc
1374 3590 1468 3674 igitur
1496 3590 1608 3655 lactum
1630 3608 1703 3654 esse
1726 3591 1820 3667 dicas,
1850 3597 1884 3655 ut

142 3719 267 3766 scenam
290 3701 378 3763 istam
402 3708 491 3782 poeta
513 3700 724 3780 admiscuerit,
756 3723 815 3787 qua
843 3703 879 3767 ud
910 3708 1073 3787 sequeutia
1097 3708 1171 3789 juce
1199 3709 1294 3790 inque
1315 3709 1422 3789 primis
1445 3708 1483 3772 ad
1504 3708 1650 3773 ridiculas
1672 3709 1814 3775 Herculis
1836 3707 1881 3770 in·

143 3821 240 3902 eptias
263 3819 350 3901 quasi
373 3820 532 3882 transitum
554 3820 688 3883 voluerit
710 3820 769 3883 sibi
791 3839 912 3902 parare.
937 3821 1114 3908 Quanquam
1138 3844 1177 3888 ne
1200 3826 1246 3889 sic
1268 3826 1391 3907 quidem
1404 3827 1535 3908 puerilia
1557 3828 1613 3889 ista
1634 3825 1757 3891 Admeti
1770 3827 1882 3889 Phere-

141 3940 243 4020 tisque
267 3937 467 4000 deliramenta
489 3938 529 4000 ita
552 3945 748 4011 excusantur,
771 3945 803 4000 ut
826 3937 862 4000 ab
887 3939 970 4000 omni
991 3940 1238 4021 reprehensione
1261 3943 1370 4007 absint.

270 4052 300 4137 ἓ.
322 4050 373 4117 46.
397 4053 510 4132 Restat,
533 4064 566 4118 ut
588 4055 626 4118 de
649 4056 782 4120 Hercule
806 4055 953 4119 dicamus.
984 4057 1031 4119 De
1055 4077 1115 4139 quo
1139 4065 1239 4123 tamen
1261 4062 1438 4142 priusquam
1462 4062 1634 4125 accuratius
1658 4056 1828 4140 explicabo,
1850 4058 1882 4120 iu

142 4174 320 4238 universum
344 4172 383 4235 de
407 4190 445 4234 co
468 4172 604 4254 praefari
625 4192 687 4236 uon
709 4173 866 4254 pigrabor.
908 4174 1009 4255 Atque
1031 4176 1162 4255 primum
1184 4179 1260 4243 illud
1281 4177 1445 4243 tenendum
1469 4186 1527 4253 est,
1557 4187 1671 4242 tantum
1693 4177 1816 4252 abesse,
1850 4184 1884 4239 ut

142 4294 174 4355 in
197 4293 264 4373 ejus
287 4309 432 4373 persona,
456 4291 554 4373 qualis
576 4292 608 4353 in
629 4291 758 4354 historia
780 4291 910 4354 fabulari
933 4302 1118 4372 compareat,
1147 4295 1221 4358 nihil
1244 4295 1283 4359 sit
1306 4296 1430 4359 mixtum
1454 4304 1545 4379 atque
1569 4303 1756 4372 concretum,
1786 4300 1820 4357 ut
1842 4312 1882 4356 ex

143 4410 363 4474 diversissimis
393 4409 567 4493 quibusque
597 4411 726 4474 conflata
758 4430 830 4474 esse
862 4410 1011 4476 videatur.
1046 4412 1155 4495 Neque
1178 4413 1269 4486 enirn,
1301 4432 1502 4497 quaecunque
1532 4413 1609 4496 apud
1640 4411 1881 4496 mythograpbos

142 4536 290 4611 poetasse
312 4545 393 4590 nunc
415 4527 454 4591 de
477 4528 610 4591 Hercule
633 4529 746 4609 scripta
769 4530 911 4612 legimus,
942 4548 978 4592 ea
1008 4531 1107 4593 statim
1130 4530 1166 4593 ab
1190 4531 1276 4594 initio
1299 4531 1337 4594 ad
1359 4550 1452 4596 unum
1477 4531 1671 4613 eundemque
1693 4529 1881 4611 pertinuisse

143 4647 291 4713 credibile
316 4653 379 4719 est;
402 4646 506 4720 immo,
529 4666 609 4729 quae
632 4647 670 4711 de
692 4648 832 4731 pluribus
855 4649 1064 4725 narrabuntur,
1088 4648 1203 4712 sensim
1227 4668 1262 4711 ac
1284 4649 1471 4731 pedetentim
1493 4651 1638 4713 inunum
1653 4648 1741 4730 quasi
1760 4648 1879 4711 coales-

246 4896 552 4965 1)ῦι’.1ιιιιιιιιιιιιιιιι.
573 4900 590 4955 l.
609 4900 626 4953 t.
644 4912 670 4965 p.
692 4902 731 4953 li.
753 4902 792 4954 13.
812 4927 845 4937 -
862 4895 886 4965 ²)
905 4900 1033 4954 zeitschr.
1053 4901 1072 4952 i.
1092 4900 1143 4952 att.
1165 4900 1239 4954 taut.
1259 4912 1283 4963 p.
1303 4900 1362 4953 tta.
1381 4900 1441 4952 tro.
