4250 5442
877 225 1115 299 ..30-

127 418 298 502 Sophocles
319 418 360 482 ita
382 418 519 492 instrtuit,
542 416 696 501 siquidem
719 416 881 491 Hercules,
904 436 945 483 ex
967 417 1056 500 cuius
1078 418 1148 483 telis
1171 419 1283 502 'lrojae
1306 420 1424 484 excisio
1447 418 1570 501 pendet,
1593 434 1662 485 cum
1685 427 1868 502 argumento

128 534 248 599 fabulae
269 534 442 599 arctissime
466 534 624 599 cohaeret.
658 534 719 599 Sed
749 541 815 599 utut
844 534 919 598 illud
945 553 982 598 se
1010 533 1112 608 babet,
1144 534 1177 597 in
1203 533 1262 598 hao
1290 534 1414 618 quidem
1443 533 1604 618 tragoedia
1632 534 1783 601 Hercules
1805 551 1868 597 non

127 651 218 715 homo
241 651 322 714 inter
343 650 485 715 homines
507 657 565 724 est,
589 651 641 732 qui
663 650 738 714 nihil
759 649 883 716 humani
905 669 922 714 a
944 670 981 716 se
1003 651 1135 716 alienum
1158 659 1258 733 pulat;
1288 651 1348 716 sed
1368 651 1446 716 deus
1469 651 1571 718 divina
1595 652 1755 735 majestate
1777 668 1868 714 orna·

126 776 174 831 tus
199 775 228 831 et
250 774 357 830 auctus
381 766 552 830 monalium
572 766 803 830 controversias
818 766 939 830 dirimit..
961 765 996 828 ln
1018 768 1184 833 Philocteta
1206 770 1299 852 igitur
1321 787 1493 852 quanquam
1516 768 1741 850 catastropham
1764 766 1868 841 elficit,

126 893 227 948 tannen
250 882 289 947 ad
311 882 517 947 secundarum
540 884 738 947 tertiarumve
762 901 965 964 personarum
989 884 1105 966 gradus
1128 884 1298 951 descendit
1322 918 1361 931 -
1384 885 1492 968 Longe
1514 884 1671 951 difficilius
1693 892 1751 960 est,
1785 883 1868 967 quod

126 1005 158 1066 in
180 1001 351 1065 Trachiniis
373 1001 565 1082 propositum
593 1008 659 1065 erat
681 1007 801 1082 poetae,
831 1007 864 1064 ut
891 1001 1055 1067 Herculem
1085 1003 1165 1067 inter
1193 1002 1334 1067 homines
1356 1002 1521 1076 hominem,
1551 1010 1583 1067 et
1612 1020 1682 1067 eum
1705 1009 1866 1076 amantem,

126 1116 329 1182 describeret.
362 1116 624 1192 Quemadmodum
653 1114 734 1181 enim
757 1117 881 1181 omnino
904 1115 1031 1183 difficile
1054 1127 1112 1196 est,
1141 1138 1345 1203 quaecunque
1375 1118 1536 1183 inanimis
1558 1119 1726 1197 bominum,
1754 1119 1868 1202 quippo

127 1233 179 1315 qul
201 1233 390 1297 absconditis
413 1233 592 1298 recessibus
616 1233 804 1317 latebrisque
827 1240 972 1306 scateant,
995 1236 1097 1300 abdita
1118 1245 1199 1313 sunt,
1223 1255 1260 1301 ea
1282 1238 1415 1318 aporire,
1440 1245 1471 1301 et
1492 1237 1524 1300 in
1545 1237 1647 1300 lucem
1669 1236 1867 1319 protraherer

125 1357 166 1418 ita
188 1356 219 1417 in
243 1356 390 1419 maximas
413 1355 607 1421 difficultates
630 1357 768 1432 incurrit,
802 1356 829 1419 si
861 1356 930 1438 quis
959 1360 1126 1418 amatorem
1150 1354 1305 1436 animique
1327 1353 1468 1428 allectus,
1502 1355 1555 1437 qui
1584 1373 1624 1419 ex
1653 1372 1760 1419 amore
1781 1353 1868 1417 nasci

126 1472 237 1550 solent,
268 1480 353 1536 recte
376 1472 558 1536 describere
580 1473 662 1537 velit
696 1472 772 1537 Nam
804 1473 939 1536 omnium
970 1471 1156 1552 voluptatum
1179 1471 1275 1554 longe
1297 1469 1517 1537 delicatissima
1539 1479 1588 1535 est
1608 1488 1712 1546 amor;
1741 1471 1773 1534 in
1803 1489 1868 1534 me·

126 1589 217 1653 dullis
244 1589 401 1653 bominum
431 1597 522 1673 atque
550 1590 725 1654 visceribus
747 1589 872 1670 haeret,
906 1590 937 1652 in
969 1588 1046 1670 ipsis
1080 1590 1169 1653 venis
1198 1590 1334 1654 inclusus
1366 1606 1475 1652 omnes
1505 1590 1536 1652 io
1565 1596 1668 1670 partes
1697 1594 1868 1669 permanat.

123 1705 230 1787 ltaque
249 1707 312 1788 jam
335 1724 391 1788 per
414 1724 450 1769 se
473 1705 599 1770 difficile
622 1714 670 1770 est
692 1706 723 1769 in
745 1725 871 1771 sensum
895 1725 931 1769 ac
954 1713 1088 1769 mentem
1110 1707 1255 1770 amatoris
1278 1706 1404 1783 intrare,
1433 1706 1503 1788 quia
1533 1704 1616 1769 nulla
1637 1723 1690 1770 res
1712 1707 1812 1788 magis
1834 1703 1866 1769 in

125 1821 244 1886 animos
266 1830 408 1902 penetrat
430 1841 520 1905 quam
543 1839 640 1885 amor.
680 1854 716 1868 -
755 1822 834 1898 Quid
865 1840 952 1896 vero,
987 1823 1014 1886 si
1042 1822 1073 1886 id
1096 1824 1207 1905 agitur,
1240 1831 1273 1887 ut
1302 1821 1373 1886 divo
1396 1823 1495 1899 heroi,
1531 1822 1629 1905 qualis
1658 1821 1785 1887 Alcides
1808 1828 1867 1898 est,

124 1940 252 2004 amantis
274 1957 410 2021 persona
432 1938 626 2022 imponaturl
648 1940 742 2023 Cujus
764 1943 812 2005 rei
836 1940 997 2005 dillicultas
1019 1941 1051 2003 in
1075 1958 1113 2003 eo
1131 1940 1324 2021 potissimum
1337 1941 1482 2016 cernitur,
1506 1938 1589 2021 quod
1611 1947 1718 2004 natura
1739 1936 1866 2002 heroica

125 2076 142 2119 a
164 2057 275 2121 talibus
298 2058 389 2140 nugis
418 2056 501 2136 (nam
524 2076 599 2139 prae
621 2059 727 2122 herois
752 2059 913 2122 virtutibus
943 2076 1067 2123 amores
1091 2076 1197 2122 merae
1218 2056 1360 2140 prolecto
1383 2075 1486 2141 nugae
1508 2058 1592 2138 suot)
1614 2074 1743 2140 prorsus
1765 2055 1867 2119 aliena

125 2192 198 2238 esse
220 2174 350 2241 videtur.
386 2174 556 2237 Humanum
580 2182 628 2238 est
649 2176 730 2238 enim
754 2177 852 2240 amori
874 2175 1037 2258 indulgere
1059 2175 1288 2257 hominemque,
1318 2182 1350 2239 ut
1378 2183 1426 2239 est
1447 2174 1631 2248 imbecillus,
1661 2175 1711 2238 vel
1733 2171 1866 2236 maxime

125 2289 229 2363 decel;
260 2290 357 2353 beroa
379 2307 441 2352 non
463 2291 545 2367 item,
576 2289 688 2372 quippo
718 2292 805 2373 cujus
839 2298 946 2355 natura
979 2290 1081 2356 divina
1113 2292 1330 2356 humanitatem
1363 2292 1458 2373 longe
1480 2298 1636 2372 superet.¹
1658 2290 1738 2367 Quid
1771 2290 1865 2373 igitur

123 2407 316 2489 Sophoclesl
350 2408 415 2481 Oua
447 2407 569 2471 landem
592 2408 711 2472 ratione
734 2406 866 2472 fabulam
890 2427 977 2473 suam
999 2409 1149 2473 instituit‘t³
1181 2417 1211 2473 et
1237 2407 1394 2493 quomodo
1417 2409 1543 2482 curauit,
1573 2416 1606 2472 ut
1633 2426 1714 2473 neve
1736 2406 1865 2471 Alcidae

125 2524 314 2602 obtruderet‚
346 2544 426 2607 quae
457 2526 525 2607 ejus
553 2533 679 2589 naturae
701 2535 922 2610 repugnarent,
946 2545 1025 2591 neve
1049 2533 1217 2590 monstrum
1240 2525 1437 2607 produceret,
1470 2523 1552 2608 quod
1581 2544 1621 2589 ex
1642 2523 1865 2590 diversissimis

123 2659 288 2722 perperam
311 2640 436 2704 mixtum
460 2640 566 2704 esset?

249 2753 279 2837 ἓ.
303 2755 354 2819 50.
378 2756 548 2839 Utrumque
568 2775 645 2824 vero
668 2765 758 2839 poeta
780 2756 948 2822 scitissime
970 2757 1059 2821 cavit.
1091 2757 1223 2820 Primum
1254 2756 1335 2820 enim
1369 2775 1431 2820 non
1461 2757 1587 2821 Herculi
1608 2758 1724 2839 primas
1747 2755 1865 2831 detulit,

124 2872 181 2937 sed
203 2873 369 2953 bejanirae
380 2869 413 2949 ¹),
445 2873 568 2955 inqua,
596 2881 739 2957 tanquam
761 2874 791 2938 in
815 2875 953 2956 speculo,
985 2874 1099 2938 veritas
1128 2874 1287 2955 prouerbii
1309 2874 1392 2937 illius
1415 2874 1562 2948 cernitur,
1593 2873 1629 2937 in¹
1647 2891 1708 2956 quo
1732 2881 1789 2951 est,
1820 2893 1866 2937 ex

124 3008 252 3053 amore
274 2990 379 3053 nasci
403 2986 654 3066 moerorem²).
679 2991 799 3057 Deinde
821 2992 971 3057 Hercules
995 2999 1066 3055 ante
1089 2993 1202 3056 exitum
1226 2991 1347 3056 fabulae
1370 2992 1494 3056 omnino
1518 3009 1580 3056 non
1602 2992 1633 3054 in
1655 3009 1751 3057 scena
1773 3009 1864 3073 appa·

123 3115 181 3184 ret,
203 3106 297 3189 idque
320 3107 570 3189 prudentissime,
586 3109 714 3189 opinor,
738 3118 830 3191 poeta
852 3110 990 3175 instituit.
1023 3107 1274 3184 Prudentissime,
1297 3109 1438 3191 inquam,
1468 3127 1539 3171 nam
1561 3109 1599 3183 is,
1622 3110 1675 3191 qui
1696 3108 1739 3173 nil
1761 3110 1864 3191 inepte

125 3225 246 3289 rnolltus
270 3232 327 3298 cst,
350 3224 525 3288 rectissime
547 3225 631 3302 vidit,
655 3233 806 3289 amantem
829 3225 994 3289 Herculem
1016 3225 1154 3290 describi
1176 3227 1227 3289 vix
1247 3243 1352 3308 posse.
1383 3227 1458 3289 Turn
1481 3225 1614 3300 demum,
1644 3225 1698 3290 ubi
1719 3225 1865 3290 amatoris

124 3341 333 3422 descriptione
356 3340 565 3424 supersedere
588 3350 698 3422 potest,
728 3342 781 3407 ubi
809 3349 909 3406 morte
935 3342 1078 3407 Herculis
1107 3345 1285 3408 imminente
1312 3344 1407 3425 longe
1440 3344 1585 3425 graviora
1607 3343 1763 3407 tractanda
1785 3348 1864 3417 sunt,

123 3477 200 3541 prae
222 3460 332 3541 quibus
355 3479 458 3543 nugae
481 3461 649 3523 amatoriae
674 3468 704 3524 et
727 3461 844 3524 minora
868 3480 1009 3544 quaeque
1031 3463 1123 3541 plane
1135 3461 1365 3525 obmutescunt:
1388 3467 1450 3524 tum
1474 3459 1597 3525 demum
1620 3462 1650 3524 in
1666 3478 1760 3525 scena
1773 3477 1865 3542 appa·

123 3584 244 3641 rentem
268 3596 337 3640 eum
361 3578 440 3642 facit.
472 3578 538 3642 Nec
564 3579 647 3660 justa
673 3596 766 3642 causa
789 3578 887 3651 deest,
918 3598 973 3642 cur
1002 3579 1184 3662 apotheosin
1214 3578 1357 3642 Herculis
1385 3596 1403 3641 e
1434 3578 1535 3643 tabula
1566 3579 1710 3643 exsulare
1732 3578 1867 3642 voluerit

123 3694 310 3776 Sophocles:
334 3715 393 3777 qua
415 3696 474 3760 nisi
497 3696 706 3769 abstinuisset,
729 3696 877 3778 tragicam
902 3695 1023 3760 fabulae
1046 3696 1107 3759 uim
1130 3696 1240 3758 mirum
1264 3701 1407 3777 quantum
1431 3693 1649 3758 delumbasset
1685 3695 1864 3776 Quanquam
1962 3745 1965 3749 .

124 3811 223 3884 luere,
248 3813 300 3894 qui
321 3813 399 3875 banc
421 3813 518 3894 ipsam
541 3813 722 3894 apotheosin
746 3811 926 3896 tragoediae
949 3832 1097 3879 summam
1111 3831 1185 3877 esse
1201 3820 1351 3893 putarent,
1373 3813 1405 3876 in
1428 3813 1538 3896 quibus
1560 3818 1610 3876 est
1627 3811 1749 3894 Solger,
1772 3829 1865 3895 quem

123 3929 240 3993 idcirco
263 3929 400 4011 graviter
422 3929 621 4011 reprehendit
644 3925 842 4012 Gruppius⁸).
875 3930 970 3995 Vides
991 3931 1096 4013 igitur,
1125 3929 1278 3994 benevole
1297 3930 1404 4003 lector,
1437 3948 1527 4012 quarn
1554 3929 1632 3993 scite
1655 3947 1784 3993 munere
1805 3945 1864 3992 suo

124 4055 215 4129 poeta
237 4045 400 4110 defunctus
423 4047 472 4110 sit.
509 4047 719 4130 Quaecunque
741 4047 823 4111 enim
846 4066 863 4110 a
886 4046 1068 4129 tragoediae
1090 4054 1197 4112 natura
1219 4065 1281 4110 non
1303 4045 1481 4119 abhorrent,
1511 4064 1550 4111 ea
1572 4044 1693 4110 fabulae
1716 4044 1863 4118 inseruit;

124 4172 230 4228 contra
252 4165 352 4228 aliena
375 4182 516 4247 quaeque
539 4165 676 4228 secrevit
698 4172 729 4228 et
750 4165 877 4246 respuit.
902 4164 976 4238 Qruis
999 4183 1076 4229 vero
1099 4173 1156 4242 est,
1186 4165 1258 4247 quin
1282 4183 1322 4227 ex
1343 4163 1391 4226 his
1414 4164 1556 4228 omnibus
1579 4182 1731 4228 summum
1753 4161 1865 4227 summi

123 4288 235 4362 poetae
257 4282 415 4365 ingenium
438 4284 609 4365 agnoscat?

251 4412 282 4496 §.
306 4413 357 4478 51.
380 4416 535 4499 Sequitur,
565 4422 597 4478 ut
620 4414 658 4479 de
681 4415 815 4479 Hercule
838 4414 962 4480 furente
983 4414 1138 4496 Euripidis
1160 4415 1305 4478 nonnulla
1329 4412 1480 4498 adjiciam.
1514 4415 1580 4490 Ona
1602 4412 1633 4476 in
1656 4412 1757 4477 fabula
1780 4412 1862 4476 Alci·

123 4533 179 4598 des
202 4541 329 4615 patrem,
360 4552 501 4607 uxorem,
536 4533 652 4598 liberos
681 4552 700 4596 a
728 4533 801 4616 Lyci
824 4533 944 4598 insidiis
968 4531 1114 4610 defendit,
1149 4550 1221 4596 mox
1243 4540 1343 4598 tamen
1366 4552 1382 4596 a
1405 4534 1537 4611 lunone,
1565 4530 1822 4615 quemadmodum
1846 4550 1863 4595 a

123 4865 149 4935 a)
167 4783 495 4933 Ariassngs'po‘qssu‘u‘r’
514 4785 672 4842 L¹t·'G⁰⁵⁰¹¹·
691 4788 762 4842 T0m·
780 4788 805 4841 ²·
823 4798 850 4852 p,
869 4788 927 4842 1²4·
947 4818 977 4831 -
995 4783 1022 4852 ³)
1040 4788 1096 4843 tid
1116 4788 1232 4855 druppe,
1250 4788 1374 4844 llrladne.
1391 4801 1418 4854 p.
1440 4789 1495 4842 lttl.
1517 4815 1544 4827 -
1567 4786 1596 4840 0.
1615 4787 1737 4851 llueller,
1755 4787 1772 4840 t.
1791 4787 1810 4838 l.
1828 4810 1863 4822 -
