4250 5442
878 222 1116 295 -pq..

127 426 268 499 tanquam
291 414 470 480 foedissima
493 416 563 480 labe
585 417 716 498 turpiter
737 417 959 481 contaminatus
984 425 1041 482 est.
1074 418 1150 482 Nam
1173 417 1256 501 qnid,
1285 436 1413 502 quaeso,
1442 418 1482 483 de
1505 436 1545 483 eo
1568 417 1715 495 dicamus,
1745 415 1808 499 qui,
1834 421 1868 479 ut

127 535 258 617 ignavus
281 542 337 608 cst,
362 542 492 599 mortem
515 552 715 615 summopere
736 534 927 614 reformidat,
956 535 1040 599 idem
1062 542 1175 612 tamen,
1199 552 1260 617 qno
1284 536 1357 599 vitio
1379 536 1447 616 ipse
1469 534 1598 615 laborat,
1621 534 1652 598 id
1675 534 1795 597 crimini
1818 531 1869 596 dat

127 653 176 725 iis,
201 650 383 734 quibuscum
406 653 587 717 arctissimis
610 652 882 735 consanguinitatis
906 653 1037 717 sinordis
1058 653 1241 734 conjunctus
1265 652 1334 717 esti
1366 654 1417 718 Sic
1438 671 1516 718 vero
1538 655 1579 727 nt
1612 662 1645 718 ut
1666 670 1707 718 nc
1728 651 1867 716 umbram

127 768 251 852 quidem
274 769 509 833 misericordiae
531 768 760 851 spectatoribus
782 770 939 834 concitare
961 769 1072 851 possit,
1095 768 1230 833 elidem
1253 769 1315 843 ille,
1347 771 1399 853 qui
1422 771 1617 834 miseriarum
1640 766 1728 851 quasi
1750 775 1867 849 tenpe-

127 896 206 953 state
227 906 264 953 ac
286 888 379 952 fluctu
402 889 480 951 miro
503 887 594 952 modo
613 888 756 970 jnctatnr,
786 887 991 969 doloremque
1020 888 1132 950 iterum
1154 904 1191 950 ac
1212 887 1305 951 tertio
1327 887 1358 950 in
1380 887 1522 951 lacrimas
1545 885 1683 962 effundit,
1714 891 1867 967 spectato·

125 1005 212 1068 ribus
234 1005 287 1068 vix
307 1023 398 1068 unam
422 1004 618 1068 lacrumulam
642 1006 784 1070 excutiat
807 1006 950 1070 Ceterum
972 1022 1049 1068 case
1072 1003 1193 1078 credas,
1216 1003 1299 1087 quod
1322 1004 1460 1069 Glumius
1482 1004 1565 1079 dicit,
1587 1003 1751 1069 Admetum
1773 1000 1867 1066 comi·

127 1141 194 1187 cam
217 1140 290 1187 esse
312 1139 492 1203 personam
525 1123 743 1205 nequeenim,
774 1130 808 1187 ut
829 1141 923 1204 supra
941 1123 1005 1205 Jam
1028 1121 1161 1186 diximus
1172 1119 1206 1201 ¹),
1234 1121 1272 1197 is,
1301 1122 1354 1205 qni
1376 1121 1436 1186 sabi
1458 1121 1612 1186 dumtaxat
1633 1121 1761 1203 suisque
1784 1136 1867 1183 com·

127 1240 227 1303 modis
249 1240 406 1321 prospicit,
436 1241 536 1304 statim
558 1258 692 1323 persona
717 1240 834 1305 comica
856 1240 1017 1305 habendus
1040 1239 1108 1303 crit.
1144 1236 1247 1313 (tuidi
1280 1239 1363 1321 quod
1385 1238 1509 1304 Admeti
1535 1254 1670 1321 persona
1699 1234 1869 1318 despicatui

126 1358 229 1440 potius
252 1364 317 1430 eet;
350 1355 485 1421 taedium
514 1356 659 1440 idemque
688 1357 781 1421 bilem
808 1358 900 1422 nobis
931 1364 1036 1422 movet
1056 1356 1220 1420 homuncio
1243 1356 1313 1430 iste,
1345 1357 1398 1441 qui
1425 1357 1530 1421 sciens
1558 1354 1759 1438 prudensque
1780 1366 1867 1416 anam

128 1476 225 1556 ipsius
248 1492 377 1538 uxorem
401 1476 491 1539 morti
513 1475 630 1540 offerre
651 1494 713 1540 non
736 1485 871 1554 veretur,
906 1476 1051 1541 videlicet
1084 1481 1118 1537 ut
1151 1492 1188 1538 se
1219 1474 1319 1554 ipsum
1353 1481 1467 1538 servet
1502 1475 1588 1549 Quae
1616 1490 1710 1555 quum
1732 1471 1774 1535 ita
1795 1469 1866 1546 siat,

127 1593 229 1657 omnia
252 1593 309 1655 ista
332 1591 502 1674 splendida,
525 1611 606 1676 qnae
627 1592 758 1674 profert,
780 1593 875 1658 verba
897 1592 1049 1676 impedire
1069 1609 1132 1655 nou
1154 1597 1293 1672 possunt,
1316 1591 1390 1673 quin
1412 1590 1481 1673 ejus
1503 1589 1576 1654 fidei
1599 1589 1699 1653 satim
1722 1587 1760 1651 ab
1781 1585 1868 1651 initio

126 1710 218 1791 plane
240 1707 423 1782 diffidamus,
446 1709 646 1792 pessimaque
668 1709 708 1776 dc
730 1728 769 1775 co
792 1710 965 1793 opinemur.
1000 1710 1067 1774 Nec
1097 1708 1238 1773 dolorem
1266 1707 1391 1773 Admeti
1417 1715 1505 1773 recte
1527 1706 1693 1789 descripsat
1713 1711 1816 1787 poeta,
1838 1701 1870 1766 it

128 1826 211 1910 quod
233 1827 304 1890 olim
324 1829 388 1909 jam
411 1826 587 1893 adverterat
608 1828 747 1912 Wagner
757 1824 798 1909 ²);
828 1846 920 1913 quem
948 1828 977 1893 sl
1004 1828 1036 1890 in
1069 1824 1231 1907 tragoedia
1260 1825 1361 1908 aliqua
1391 1824 1502 1890 codena
1526 1823 1618 1889 modo
1639 1822 1870 1904 descripsisset,

127 1948 158 2009 in
182 1944 436 2026 vituperationem
458 1945 628 2024 incidisset,
657 1964 808 2010 neceam
830 1946 942 2012 levem.
975 1944 1036 2011 Sed
1066 1944 1139 2027 qaia
1161 1942 1259 2008 semel
1280 1942 1362 2007 hunc
1383 1943 1485 2009 locum
1507 1943 1606 2025 tetigi,
1635 1958 1733 2024 pauca
1761 1937 1804 2004 de
1831 1955 1870 2007 oe

127 2060 244 2127 addere
263 2063 358 2144 juvat
1722 2061 1724 2063 ’

252 2175 284 2259 ἓ.
306 2174 358 2242 42.
392 2178 471 2254 Quid
502 2180 583 2245 enim
615 2180 655 2246 de
678 2180 869 2246 orationibus
892 2179 959 2244 istis
978 2180 1167 2262 iudicemus,
1200 2198 1276 2263 quas
1308 2197 1439 2244 uxorem
1470 2179 1639 2245 lamentans
1666 2198 1735 2243 cum
1765 2175 1870 2260 putida

126 2297 279 2380 gravitate
307 2313 365 2359 rer
386 2296 544 2363 Pheraeos
565 2298 696 2364 recitati
728 2298 838 2363 Nonne
872 2297 1093 2381 frigidissimae
1123 2304 1194 2363 sunt
1216 2304 1248 2362 et
1269 2297 1452 2360 calamistris
1473 2298 1565 2361 nimis
1586 2294 1727 2362 inustaef
1760 2291 1871 2358 Nonne

127 2415 253 2480 omnino
276 2431 343 2488 eae,
375 2432 415 2477 ex
443 2415 555 2498 quibus
578 2435 701 2482 omnem
731 2418 801 2500 eJus
830 2417 944 2482 luctum
973 2423 1067 2498 atque
1089 2412 1230 2478 dolorem
1252 2414 1354 2478 fictum
1379 2432 1452 2478 esse
1475 2413 1567 2479 facilc
1589 2415 1659 2497 quia
1682 2409 1871 2477 concludere

126 2530 247 2615 possiti
276 2530 396 2597 monim
419 2535 557 2613 speciem
580 2534 730 2617 quandam
753 2531 938 2598 indicendo
961 2551 998 2597 ac
1019 2548 1162 2613 pompam
1183 2530 1316 2606 adhibet,
1346 2533 1374 2595 si
1404 2532 1473 2614 quis
1496 2530 1638 2596 dolorem
1660 2529 1790 2594 simulat
1824 2526 1870 2592 ua

127 2667 183 2713 cur
205 2646 441 2729 statcpaarins,
471 2648 503 2712 id
525 2650 608 2733 qnod
628 2669 690 2714 nec
710 2650 902 2732 Wagnernm
926 2648 1006 2731 fugit
1014 2643 1050 2722 ⁸),
1081 2648 1183 2711 fictum
1212 2646 1364 2711 llacbcthi
1394 2646 1535 2712 dolorem
1565 2649 1605 2713 lta
1627 2647 1812 2730 depinxerit,
1839 2652 1873 2709 ut

127 2768 284 2848 ingentem
306 2763 474 2829 verborum
496 2766 631 2830 inanium
652 2766 773 2830 turbam
795 2766 995 2832 blaterantem
1018 2783 1089 2829 cnm
1100 2764 1228 2829 faceret
1251 2766 1293 2829 att
1313 2764 1465 2830 llacbethi
1487 2765 1576 2831 dolor
1597 2765 1688 2848 plane
1711 2764 1871 2829 simulatus

127 2888 186 2954 cst,
208 2886 242 2943 ut
264 2878 342 2952 dixi3
365 2879 490 2944 Admeti
510 2899 573 2946 non
594 2883 678 2947 item.
700 2882 788 2947 Unde
811 2881 1087 2967 sequiturhdmcti
1109 2900 1275 2965 personum
1297 2883 1393 2967 longe
1415 2883 1474 2947 alla
1495 2884 1617 2948 ratione
1634 2880 1870 2947 describendam

128 2997 228 3061 fuisse
250 3003 342 3076 atque
365 2995 527 3062 llacbethi.
559 2998 628 3063 Non
649 3001 748 3081 palam
772 3001 900 3082 ejulare,
930 2999 988 3064 sed
1009 3001 1120 3064 tacitus
1143 2999 1245 3064 dolori
1266 2999 1440 3083 indulgere,
1471 3019 1534 3066 non
1563 3002 1679 3065 misere
1700 2999 1871 3072 lamentari,

128 3112 184 3177 sed
207 3112 303 3175 silens
327 3130 472 3177 moerere
494 3113 628 3180 debebat
648 3115 816 3193 Admetum
846 3133 916 3181 nam
939 3117 985 3180 sic
1007 3115 1131 3180 demum
1153 3117 1369 3182 misericordia
1389 3125 1495 3182 nostra
1517 3117 1630 3201 dignus
1653 3117 1774 3182 frisam.
1797 3115 1869 3192 oni·

129 3247 251 3312 cunque
274 3229 355 3292 enim
370 3230 549 3307 veredolet,
574 3232 714 3298 dolorem
737 3251 826 3299 suum
850 3251 911 3298 non
932 3241 993 3297 tam
1016 3233 1154 3299 velutin
1176 3234 1277 3301 fronte
1299 3236 1479 3317 inscriptum
1499 3253 1576 3318 prae
1597 3253 1634 3300 aa
1656 3233 1718 3299 fert
1729 3234 1870 3317 palamve

129 3354 270 3420 ostentat,
303 3366 393 3429 qnam
428 3350 460 3412 in
488 3349 612 3415 intimos
639 3351 732 3415 animi
761 3368 910 3416 recessus
933 3358 973 3425 et,
1008 3357 1043 3414 ut
1062 3351 1105 3415 ita
1127 3349 1236 3427 dicam,
1268 3352 1403 3417 latebras
1430 3370 1500 3416 cum
1529 3351 1717 3418 verecundia
1740 3349 1869 3434 quadam

129 3462 304 3538 abscondit;
340 3466 482 3530 sincerus
515 3484 643 3532 moeror
669 3476 771 3533 mutus
794 3477 851 3543 est,
885 3486 1072 3550 omnemque
1103 3469 1340 3533 ostentationem
1374 3477 1405 3533 et
1431 3468 1625 3551 jactationem
1654 3486 1724 3532 cum
1746 3464 1870 3533 fastidio

130 3582 258 3663 spernit.
291 3581 381 3656 Quod
411 3602 504 3666 quum
534 3585 671 3650 Graecos
698 3586 917 3669 Romanosque
939 3602 1134 3669 nequaquam
1157 3585 1289 3661 falleret,
1323 3587 1515 3663 factumest,
1545 3595 1588 3662 ut,
1617 3585 1716 3651 sicubi
1744 3593 1870 3650 veteres

131 3705 242 3781 poetae
265 3705 296 3763 et
317 3698 452 3763 artifices
474 3709 666 3767 moerentem
687 3703 842 3768 hominem
865 3702 1037 3786 depingere
1058 3704 1183 3778 vellent,
1207 3722 1277 3768 cum
1298 3705 1438 3770 velarent
1460 3713 1621 3787 statuaque
1638 3704 1871 3768 taciturniores

130 3814 308 3880 redderent.
331 3814 398 3878 Huc
420 3818 562 3898 pertinet,
586 3819 668 3903 quod
692 3820 771 3902 apud
793 3821 949 3885 Phaeaces
971 3821 1090 3886 velatus
1113 3820 1203 3886 sedet
1215 3821 1320 3886 Ulixes
1332 3821 1543 3887 Demodocum
1565 3821 1695 3887 audiens
1717 3821 1756 3885 de
1778 3821 1871 3903 froja

132 3940 294 3997 canentem
303 3926 330 4008 ⁴)
337 3958 345 4006 ;
368 3935 508 4014 pertinet,
532 3935 615 4018 quod
637 3937 695 4001 lris
717 3937 755 4000 ab
777 3938 857 4003 Jove
879 3938 973 4003 missa
996 3937 1151 4003 dolentem
1175 3938 1324 4004 Priamum
1342 3938 1480 4005 vestibus
1503 3938 1679 4005 obvolutum
1702 3933 1870 4022 reperit⁸);

131 4051 275 4132 pertinet,
311 4049 394 4132 quod
422 4051 597 4117 Timanthes
627 4055 727 4135 pictor
756 4074 891 4139 eumque
917 4064 1043 4122 secutus
1072 4052 1273 4139 Euripidee⁰)
1303 4057 1579 4140 Agamemnonem,
1613 4058 1665 4139 qui
1692 4056 1871 4141 iphigeniae

131 4167 331 4231 immolationi
352 4168 450 4245 adest,
473 4169 606 4233 velatum
628 4171 755 4255 lingunt,
786 4176 940 4256 quoniam,
968 4182 1001 4239 ut
1023 4173 1184 4238 ciceronis
1207 4172 1312 4237 verbis
1334 4168 1445 4251 utar'),
1478 4191 1629 4238 summum
1650 4173 1736 4237 illum
1757 4173 1871 4238 lactum

131 4284 275 4366 penicillo
306 4285 418 4350 stilove
450 4287 562 4351 imitari
596 4306 659 4353 non
684 4300 823 4371 possunt.
862 4293 911 4356 Ab
944 4293 1002 4357 hac
1033 4292 1124 4354 tacita
1157 4289 1291 4373 quidem,
1320 4288 1378 4354 scd
1405 4288 1577 4355 admirabili
1604 4289 1722 4355 doloris
1748 4288 1871 4372 profes·

133 4402 223 4467 sione
246 4419 336 4483 quam
361 4403 563 4468 vehementer
585 4405 708 4471 Admeti
730 4409 950 4492 garrulitatem,
981 4428 1071 4493 quam
1099 4407 1229 4473 mirifice
1257 4405 1402 4472 tumidam
1431 4408 1500 4490 ejus
1526 4415 1618 4493 atque
1647 4407 1779 4472 inflatam
1802 4424 1872 4472 ora·

237 4640 401 4708 1)cap.1v.
420 4646 447 4710 t.
466 4649 507 4701 88.
526 4648 584 4700 not.
605 4672 636 4685 -
655 4642 681 4713 ⁹)
699 4649 767 4706 Edit.
785 4653 882 4707 liceat.
901 4668 925 4719 p.
947 4656 987 4711 15.
1011 4682 1043 4694 -
1069 4651 1096 4720 ³)
1114 4656 1182 4710 Edit.
1200 4655 1298 4710 Alcest.
1315 4669 1340 4721 p.
1362 4657 1402 4710 ts.
1424 4680 1459 4691 -
1475 4650 1503 4718 ⁴)
1522 4653 1613 4718 odyss.
1632 4654 1692 4721 um,
1711 4656 1745 4710 ol
1763 4665 1820 4721 sqq.
1838 4676 1873 4691 -·

133 4726 157 4793 ὅι
174 4731 249 4784 lllad.
268 4729 351 4795 lllilll,
372 4733 430 4784 itt.
450 4763 481 4774 —
501 4728 527 4797 ⁶)
545 4734 601 4800 lph.
620 4735 706 4789 hultd.
724 4749 749 4791 u.
769 4739 835 4794 153⁰
853 4740 944 4794 Ftrnh.
963 4766 996 4780 -
1015 4742 1048 4797 cf.
1068 4741 1177 4798 Exedra.
1194 4742 1284 4795 flrub.
1303 4739 1337 4795 nd
1353 4740 1380 4794 h.
1399 4740 1419 4796 l.
1435 4739 1499 4793 ibid.
1517 4753 1543 4805 p.
1562 4741 1612 4795 288
1631 4751 1688 4807 sqq.
1706 4767 1738 4778 -
1757 4735 1782 4808 f)
1801 4737 1872 4792 Orat.

133 4816 176 4867 tt.
194 4817 262 4868 extr.
289 4840 323 4851 -
344 4816 488 4871 Praeterea
506 4819 540 4872 cf.
557 4818 625 4874 Plnt.
644 4819 755 4876 Phaedr.
773 4824 834 4877 287.
853 4837 878 4878 a.
904 4852 936 4864 -
960 4826 1081 4892 xenoph.
1100 4831 1221 4894 sympos.
1240 4827 1259 4892 l,
1280 4828 1321 4881 tt.
1339 4856 1372 4867 -
1392 4825 1458 4879 dell.
1477 4827 1562 4879 noctt
1580 4826 1634 4879 Att.
1653 4826 1716 4895 xlx,
1734 4829 1759 4891 a,
1780 4826 1820 4879 to.
1840 4855 1873 4871 -

133 4899 225 4963 Lange
243 4900 287 4954 in:
306 4900 393 4954 Jahnti
411 4902 517 4957 Jahrbb.
537 4904 583 4958 ιιι
600 4904 667 4960 Ριιι.
687 4918 714 4961 u.
732 4907 847 4974 Paedag.
865 4909 928 4977 vill,
946 4912 972 4965 t.
990 4925 1016 4976 p.
1036 4914 1086 4967 ato
1104 4926 1160 4980 sqq.
1180 4944 1212 4957 -
1231 4909 1340 4966 Nitzach
1357 4909 1392 4965 ad
1410 4908 1501 4974 odyss.
1518 4909 1581 4977 vul,
1599 4913 1642 4967 et.
