4250 5442
1155 210 1391 283 ..g-

354 475 359 489 ,
401 399 514 491 lerino
537 409 594 476 est,
628 401 711 484 quod
739 402 771 465 in
797 401 999 484 sequentibus
1012 470 1015 477 ,
1028 403 1071 469 ait
1091 402 1274 476 Brumoeas,
1308 421 1349 467 ex
1378 404 1533 468 nonnullis
1562 406 1666 470 scenis
1688 406 1969 497 ..familiaritatem

264 566 269 577 .
402 519 559 596 redolere,
588 537 669 603 guae
691 519 820 601 propius
841 518 879 583 ad
902 520 1085 586 comoediae
1106 521 1272 595 levitatem,
1301 537 1392 603 quam
1421 521 1460 584 ad
1481 522 1663 605 tragoediae
1685 523 1865 606 dignitatem
1886 524 1982 589 acced

402 636 516 730 injuria
538 622 671 716 explosit
692 634 831 718 Wagner
852 635 872 698 l.
894 635 926 709 l.,
956 637 1008 719 qui
1036 636 1161 718 etipse
1187 644 1220 700 ut
1247 637 1308 701 illis
1338 637 1528 720 temporibus
1557 641 1589 703 ia
1621 639 1815 722 dijudicanda
1843 642 1982 737 Algentid

403 753 567 818 aberrauit.
589 751 652 833 sed
674 752 713 815 ad
734 751 927 835 Wagnerum
949 754 1082 836 ejusque
1105 753 1287 819 sententiam
1309 753 1390 817 inira
1411 754 1592 833 redibimus.

529 881 567 966 ξ..
584 883 614 948 b.
637 862 854 967 Sequitursut
874 884 1021 949 Brumoci
1042 885 1232 967 popularem,
1255 885 1490 960 liedelinum
1514 906 1803 962 commemoremus,
1827 890 1879 972 qui
1900 890 1994 952 Alce
2018 870 2019 927 l

402 1001 500 1065 ricem
528 1000 720 1083 tragoediam
743 998 822 1067 'esse
852 1001 976 1086 putabat
985 999 1020 1080 ¹).
1052 1002 1109 1067 Cui
1131 1020 1304 1086 quanquam
1326 1002 1503 1085 obloquitur
1523 1004 1663 1088 Wagner
1671 1001 1708 1086 ¹),
1737 1013 1840 1068 tamen
1868 1005 1978 1069 confite

403 1116 548 1182 lledelini
569 1119 753 1182 sententiam
781 1136 843 1182 non
872 1120 914 1183 ita
936 1118 1101 1183 absurdam
1124 1137 1214 1192 esse;
1250 1136 1321 1183 nam
1350 1120 1436 1201 prior
1463 1120 1631 1185 Alcestidis
1652 1139 1735 1204 pars,
1763 1121 1947 1203 praesertim
1974 1140 1993 1184 u

361 1310 366 1321 ,
404 1234 506 1300 hunda
528 1234 639 1299 mulier
659 1237 692 1298 in
714 1253 809 1300 scena
831 1243 968 1317 apparet,
991 1237 1019 1299 si
1042 1235 1115 1318 quid
1137 1235 1230 1308 aliud,
1252 1235 1450 1317 tragicaest,
1472 1237 1630 1317 posterior
1651 1245 1767 1310 contra,
1791 1238 1904 1319 inqua
1927 1254 1994 1301 com

404 1352 481 1416 culis
503 1369 639 1433 persona
660 1370 736 1436 prae
759 1353 873 1417 ceteris
896 1352 1020 1426 eminet,
1053 1352 1093 1415 ad
1121 1352 1290 1416 dramatum
1324 1351 1528 1433 satyricorum
1550 1352 1778 1418 similitudinem
1800 1354 1993 1436 aliquatenus

402 1467 508 1551 ltaque
530 1487 623 1551 quum
646 1468 748 1534 iahula
770 1443 880 1552 partim
901 1470 1029 1552 tragica
1059 1469 1168 1550 partim
1191 1468 1325 1551 satyrica
1347 1468 1396 1541 sit,
1427 1485 1490 1532 non
1519 1471 1560 1533 tta
1588 1470 1692 1555 inepte
1715 1488 1784 1535 cnm
1806 1470 1958 1535 liedelino
1981 1489 1996 1533 s

402 1584 595 1668 tragoediam
618 1605 685 1650 eam
708 1598 887 1669 nuncupare
908 1587 1022 1668 possis.
1047 1620 1086 1631 -
1109 1586 1209 1650 Aliter
1230 1584 1461 1668 Lessingius,
1484 1587 1537 1667 qui
1549 1587 1688 1651 Alcestin
1709 1607 1829 1651 merum
1851 1586 1956 1651 drama
1979 1605 1994 1650 s

373 1768 376 1787 p
404 1719 477 1767 esse
499 1701 713 1769 arbitrabatur.
747 1703 835 1778 Quod
864 1702 947 1767 idern
975 1711 1045 1768 ante
1077 1721 1148 1767 eum
1177 1709 1347 1766 statuerant
1375 1700 1645 1787 d'Aubignac⁸)
1673 1713 1704 1770 et
1730 1700 1918 1783 Denina⁴).
1956 1704 1997 1767 ll·

402 1817 553 1884 refellere
574 1819 757 1885 studuerunt
778 1814 1016 1902 Spanbemiusl)
1045 1827 1077 1882 et
1097 1813 1266 1899 Buhlius‘).
1299 1819 1352 1900 qui
1373 1817 1576 1889 Alcestinex
1597 1820 1765 1886 dramatum
1788 1801 1993 1903 satyricorum

239 1922 244 1932 ’
371 1946 374 1955 ·
403 1931 691 2016 idee'potissimum
714 1936 907 2001 eximendam
929 1934 1084 2017 putabant,
1115 1931 1198 2016 quod
1228 1934 1324 1998 Sileni
1351 1934 1593 2020 Satyrorumque
1618 1939 1651 2002 in
1678 1956 1717 2003 ea
1744 1937 1892 2001 deessent
1912 1944 1999 2017 parte

404 2048 497 2124 idem,
520 2058 554 2115 ut
573 2058 661 2117 recte
677 2040 876 2117 'Eichsmdtus
899 2046 1069 2127 annotnt'),
1092 2050 1124 2112 in
1139 2047 1276 2112 Bacchas
1290 2051 1472 2134 Euripideas
1495 2053 1585 2129 cadit,
1608 2074 1684 2138 quas
1705 2056 1738 2119 iu
1760 2054 1928 2119 dramatum
1943 2062 2005 2136 satp

403 2182 534 2230 numero
557 2166 661 2231 hahuit
681 2167 853 2234 Erumoeus
863 2164 898 2249 ⁸).
920 2169 997 2232 Nam
1018 2167 1051 2230 in
1073 2164 1122 2228 his
1144 2163 1251 2229 itidem
1273 2175 1377 2249 partes
1400 2169 1471 2234 illae
1493 2170 1719 2249 desiderantur.

528 2295 560 2380 ἕ.
582 2297 612 2363 d.
645 2301 741 2365 Porro
770 2301 832 2365 huc
861 2301 996 2384 pertinet
1016 2295 1254 2375 Wielandus,
1283 2300 1337 2383 qui
1366 2310 1581 2384 argumentum
1602 2303 1770 2370 Alcestidis
1792 2301 1988 2367 retractando

402 2416 621 2496 cognominem
644 2415 778 2481 tabulam
800 2416 944 2491 coniecit,
974 2415 1164 2498 regulusque
1187 2432 1224 2479 ac
1245 2433 1380 2492 normas,
1408 2437 1485 2502 quas
1507 2419 1539 2483 in
1561 2420 1619 2485 hac
1640 2440 1677 2485 re
1698 2428 1824 2486 secutus
1846 2422 1896 2494 sit,
1925 2439 2013 2484 ιιι

402 2529 517 2611 plicuit.
548 2530 755 2612 deprimam
785 2532 924 2615 Euripidi
950 2532 1025 2595 vitio
1047 2531 1147 2605 vertit,
1179 2531 1260 2613 qaod
1290 2533 1487 2601 devotionem
1515 2536 1683 2602 Alcestidis
1710 2556 1778 2603 rem
1806 2537 1999 2603 notissimam

402 2663 511 2711 omnes
538 2647 751 2730 pervulgatam
774 2644 937 2727 lecerit⁰);
969 2648 1040 2711 hinc
1074 2647 1156 2711 enim
1189 2646 1304 2744 lactum
1331 2668 1404 2715 esse
1426 2651 1477 2730 ait,
1504 2660 1538 2716 ut
1566 2653 1598 2717 in
1626 2652 1729 2719 labala
1756 2653 1923 2736 Euripiden
1949 2660 2016 2716 trae

401 2781 497 2827 scena
518 2765 695 2848 aegerrime
717 2764 925 2840 desideretur,
948 2766 980 2828 in
1002 2783 1062 2846 qua
1085 2764 1196 2829 mulier
1218 2772 1329 2846 sponte
1351 2765 1390 2829 ad
1412 2774 1592 2831 mortemse
1606 2768 1725 2833 offerat
1748 2799 1790 2813 -
1811 2768 1952 2832 Alterum
1974 2786 2014 2848 pe

402 2879 485 2962 quod
506 2880 646 2962 Euripidi
669 2881 845 2963 exprobrat,
875 2881 911 2945 ad
935 2882 1078 2946 Herculis
1100 2899 1266 2963 personum
1287 2881 1429 2962 pertinet,
1460 2901 1550 2965 quam
1578 2884 1665 2947 Jovis
1688 2883 1783 2947 filium
1804 2901 1911 2965 parum
1934 2882 2012 2945 dece

402 3003 450 3060 set
460 2991 510 3077 ¹⁰).
550 2996 626 3060 Nam
660 3016 768 3062 verum
804 2997 971 3063 Herculem
1005 2997 1231 3062 nobilissimum
1265 2997 1394 3062 heroem
1425 3017 1498 3063 esse
1528 3007 1620 3082 atque
1652 3000 1803 3065 cothurno
1836 3000 1975 3082 apprime
2012 3024 2017 3053 ·

399 3112 485 3176 hunc
506 3112 706 3195 Euripideum
729 3123 830 3179 autem
852 3116 1001 3180 rusticum
1022 3115 1210 3180 nebulonem
1234 3133 1307 3180 esse
1329 3114 1437 3190 videri,
1461 3117 1514 3199 gui
1535 3117 1586 3181 vel
1608 3118 1640 3181 in
1660 3117 1782 3201 vulgari
1803 3116 1959 3181 hominum
1983 3133 2020 3179 co

400 3228 475 3293 dine
496 3229 643 3294 hebetem
665 3248 702 3294 se
723 3230 872 3314 praebeat
895 3239 926 3296 et
946 3229 1067 3297 rudem.
1090 3231 1141 3295 Sic
1164 3249 1239 3296 uero
1262 3231 1304 3305 fit,
1326 3240 1361 3296 nt
1376 3232 1530 3296 Wielandi
1553 3235 1637 3299 curis
1659 3235 1754 3318 longe
1776 3233 1835 3297 alia
1850 3232 1991 3297 Herculis
2013 3250 2022 3313 p

400 3344 519 3423 eredat,
543 3363 606 3410 non
627 3348 762 3430 satyrica
783 3348 836 3412 illa
858 3358 910 3413 aut
931 3348 1059 3423 comica,
1083 3347 1140 3412 sed
1162 3348 1291 3412 heroica
1312 3366 1452 3431 vereque
1474 3349 1601 3432 tragica.
1625 3350 1722 3424 Quam
1743 3351 1839 3433 longe
1860 3357 1964 3412 tamen
1985 3348 2018 3410 in

398 3461 562 3527 hendendo
585 3471 677 3544 poeta
700 3482 718 3527 a
740 3482 816 3528 vero
840 3464 1033 3529 aberraverit
1051 3465 1243 3539 Wielandus,
1266 3465 1319 3528 vix
1341 3472 1389 3529 est
1410 3464 1493 3547 quod
1509 3483 1669 3549 exponam.
1692 3467 1769 3531 Nam
1790 3464 1983 3550 tragoediam
2006 3482 2021 3527 s

403 3578 565 3662 Euripides
589 3580 713 3644 omnino
736 3579 846 3655 noluit;
869 3581 963 3646 immo
985 3581 1016 3645 id
1040 3583 1113 3665 egit,
1136 3589 1168 3645 ut
1199 3580 1332 3645 medium
1362 3580 1515 3663 quoddam
1544 3583 1702 3664 proferret
1723 3585 1802 3648 inter
1824 3581 2017 3666 tragoediam

405 3693 566 3770 moediam,
595 3695 679 3779 quod
707 3695 745 3760 ab
775 3703 906 3782 utraque
932 3699 1000 3780 pari
1021 3697 1184 3763 intervallo
1207 3697 1345 3762 distaret
1381 3697 1469 3771 Quod
1492 3698 1520 3761 si
1541 3718 1650 3764 verum
1672 3707 1729 3775 est,
1759 3700 1891 3782 primum
1919 3699 1949 3762 ei
1977 3717 2022 3761 car

405 3817 480 3886 erat,
502 3828 542 3874 ue
560 3812 700 3876 Alcestin
722 3813 800 3877 clam
823 3816 947 3888 ceteris,
969 3814 1103 3879 Admeto
1126 3815 1319 3897 praesertim,
1343 3831 1380 3878 se
1391 3812 1597 3879 devoventem
1611 3814 1738 3880 luceret.
1761 3814 1838 3878 Nam
1860 3815 1888 3877 si
1910 3814 1986 3878 clam
2010 3832 2022 3875 t

402 3943 439 3990 se
461 3924 631 3992 devoveret
651 3928 797 4004 Alcestis,
832 3931 986 3996 immerito
1017 3931 1220 3996 calamitatem
1251 3937 1466 4014 perpeteretur
1493 3929 1629 4014 ideoque
1657 3951 1792 4014 persona
1820 3932 1939 4013 tragica
1967 3947 2019 3992 ess

401 4049 512 4106 metus.
535 4041 684 4109 Admetus
706 4049 829 4110 autem?
860 4046 956 4112 immo
979 4066 1055 4111 uero
1078 4047 1170 4112 etiam
1191 4055 1255 4112 tota
1276 4045 1433 4128 posterior
1455 4044 1577 4111 fabulae
1599 4066 1672 4132 pars
1694 4049 1812 4134 tragica
1835 4046 1991 4118 evaderet,
2014 4046 2022 4106 i

400 4155 503 4223 fabula
524 4158 557 4221 in
577 4160 770 4244 tragoediam
792 4161 900 4227 abiret
924 4162 970 4227 De
993 4181 1053 4245 qua
1075 4181 1113 4227 re
1135 4162 1216 4227 inira
1238 4162 1341 4245 paullo
1363 4163 1537 4227 accuratius
1560 4163 1708 4230 dicemus.
1732 4200 1772 4211 -
1804 4166 1846 4230 At
1866 4161 2022 4243 Euripides

395 4273 460 4359 jam
482 4273 625 4350 diximus,
647 4284 727 4342 teste
750 4277 870 4343 scholio
893 4277 1039 4344 Vaticano
1061 4278 1254 4365 tragoediam
1276 4278 1419 4344 scribere
1448 4280 1539 4362 plane
1561 4281 1668 4346 noluit.
1690 4281 1797 4367 ltaque
1819 4278 1998 4344 Wielaudus

502 4503 528 4572 ¹)
546 4507 616 4564 Prat.
635 4509 671 4563 ιι
690 4508 802 4564 theatro.
820 4512 846 4575 2,
867 4512 907 4565 to.
927 4538 960 4548 -
978 4508 1004 4571 ¹)
1022 4512 1051 4567 h.
1071 4514 1089 4567 t.
1108 4526 1134 4579 p.
1153 4516 1179 4568 ι.
1197 4541 1231 4553 -
1249 4511 1275 4583 ⁸)
1293 4517 1365 4572 Prat.
1385 4518 1421 4572 ιι
1440 4518 1555 4573 theatre.
1573 4529 1600 4582 p.
1616 4521 1673 4574 127.
1693 4547 1728 4556 -
1744 4515 1770 4586 ⁴)
1790 4517 1892 4571 staats·
1910 4518 1966 4570 ιιι
1985 4518 2021 4572 Ge

398 4592 489 4654 resch.
506 4589 724 4648 Grlechenlands.
743 4594 801 4648 Vol.
819 4594 848 4651 Η.
866 4595 894 4649 P.
914 4597 933 4650 1.
952 4609 979 4661 p.
998 4599 1040 4652 ⁷2.
1057 4609 1129 4652 vers.
1148 4598 1215 4653 hau.
1233 4626 1269 4637 -
1286 4597 1312 4666 ὅ)
1331 4603 1385 4655 sur
1401 4603 1442 4656 les
1461 4601 1557 4656 cestre
1576 4604 1608 4657 de
1626 4604 1725 4668 tollen,
1750 4604 1777 4656 et
1794 4613 1842 4656 sur
1859 4603 1899 4656 les
1919 4614 2021 4666 ouvrag

396 4675 488 4743 rienes
506 4677 552 4733 des
569 4679 680 4735 nucleus
701 4680 750 4745 (ιι
767 4682 867 4735 calcem
885 4681 945 4735 libr.
965 4682 1078 4737 cnsnub.
1097 4696 1115 4738 ι
1132 4684 1289 4739 homunculo
1308 4685 1397 4740 denuo
1416 4686 1479 4740 edit.
1505 4686 1562 4739 Ηιι.
1584 4688 1673 4752 1774).
1691 4699 1717 4750 p.
1737 4687 1796 4739 ιιι.
1822 4713 1858 4724 -
1884 4682 1909 4753 ⁶)
1927 4686 1964 4739 lte
1982 4686 2022 4738 ιιι

397 4759 442 4816 dr.
460 4761 531 4816 Gott
552 4765 627 4821 rtet.
646 4776 673 4830 p.
692 4767 733 4819 rt.
760 4790 796 4804 -
823 4762 846 4834 l)
863 4766 902 4821 lte
920 4766 1004 4821 ιιιιιι.
1023 4767 1132 4825 Graece.
1151 4772 1311 4835 sam-smyr.
1335 4784 1362 4838 p.
1381 4772 1423 4826 to.
1448 4773 1505 4824 unt.
1527 4773 1585 4828 112.
1613 4796 1646 4808 -
1673 4766 1699 4834 8)
1717 4769 1823 4825 Theatn
1843 4771 1918 4825 Grec.
1938 4771 1982 4822 To.
2001 4772 2022 4822 8.

397 4842 471 4908 (ιιι.
490 4848 579 4915 ιιι).
597 4877 632 4890 -·
650 4845 676 4915 ⁹)
694 4850 815 4907 stmmtl.
833 4851 939 4909 werke.
957 4853 1034 4919 (nor.
1053 4854 1141 4923 ιιι).
1161 4857 1206 4912 ιι.
1225 4857 1268 4912 ιι.
1286 4869 1312 4923 p.
1334 4857 1392 4913 tot.
1410 4880 1444 4895 ·-
1462 4852 1584 4922 1⁰)1nid.
1603 4866 1630 4919 p.
1650 4857 1708 4910 ιιι.

1806 4938 1851 5008 1.
