4250 5442
907 218 1146 295 ...Q-

155 411 288 506 Admeti.
310 406 415 499 ltaque
426 416 653 498 oppositionem
666 417 815 501 quandam
838 427 929 501 poeta
947 418 1093 496 adhibuit,
1118 437 1176 502 qua
1200 426 1322 483 ceteras
1335 435 1487 500 personas
1505 418 1586 483 baud
1601 419 1700 483 minus
1712 412 1894 483 extenuaret

156 528 257 617 deque
281 553 385 598 aarum
409 535 557 618 dignitate
579 535 765 610 detraheret,
798 555 887 619 quam
914 536 1053 601 Alcestin
1083 537 1196 599 eximie
1225 542 1350 599 ornaret
1372 544 1412 613 et,
1439 544 1474 600 ut
1503 537 1543 600 ita
1566 536 1674 608 dicam,
1703 532 1841 617 speciem
1864 535 1893 598 ei

156 649 295 714 adderet.
317 651 355 714 Et
375 652 453 714 baec
475 651 600 734 quidem
623 654 786 734 oppositio,
815 655 843 716 si
865 654 1053 736 lloecblpum
1077 652 1176 730 audis,
1203 653 1233 716 in
1257 671 1296 717 eo
1318 655 1417 735 posita
1441 662 1498 731 est,
1532 652 1613 737 quud
1637 652 1893 736 quemadmodum

155 768 289 831 Alcestis
317 767 490 845 idealismo,
524 788 616 851 quem
646 777 766 844 vocant,
795 771 836 834 ita
865 779 990 835 ceterae
1015 789 1170 852 personae
1200 771 1418 834 materialismo
1445 773 1537 852 plane
1563 770 1724 853 indulgent
1732 767 1767 846 ¹).
1807 771 1893 844 Quae

155 905 244 968 quam
267 905 344 950 vere
367 886 480 950 dixerit
501 888 548 950 uir
570 888 851 970 ingeniosissimus,
874 890 1027 952 neminem
1051 885 1173 968 saltim).
1196 888 1272 951 Nam
1295 907 1422 953 caecum
1444 890 1494 952 sui
1515 906 1652 953 amorem
1675 885 1893 951 ostenditAd·

155 1012 266 1077 metus,
290 1004 425 1091 ostendit
447 1022 545 1068 senex
567 1006 635 1087 ejus
657 1013 755 1087 pater,
785 1005 919 1070 ostendit
947 1006 1082 1089 denique
1104 985 1266 1081 Hercules,
1296 1008 1349 1090 qui
1378 1007 1501 1088 corpori
1523 1005 1602 1070 adeo
1624 1006 1731 1083 servit,
1760 1013 1794 1068 ut
1820 1003 1895 1066 nibil

154 1121 215 1184 nisi
237 1121 409 1202 voluptaria
431 1130 568 1204 quaerat,
591 1141 628 1184 ac
649 1129 758 1186 ventre
781 1124 881 1187 omnia
904 1125 1005 1188 metiri
1027 1124 1177 1187 videatur.

281 1236 311 1319 ᾖ.
336 1237 386 1302 39.
410 1241 690 1314 Quaemadmodum
718 1241 813 1322 igitur
841 1241 911 1305 luce
935 1243 1048 1306 clarius
1071 1247 1207 1322 apparet,
1236 1258 1276 1302 ex
1297 1236 1513 1319 discrepantia,
1545 1257 1625 1322 quae
1653 1239 1735 1305 inter
1755 1235 1895 1301 Alcestin

155 1363 247 1437 utque
261 1363 382 1419 ceteras
393 1374 545 1437 personas
562 1356 742 1428 intercedat,
766 1356 846 1421 band
870 1357 1059 1422 mediocrem
1082 1358 1212 1441 gloriam
1235 1354 1274 1418 ad
1295 1355 1377 1417 illam
1391 1355 1583 1420 redundare:
1607 1357 1648 1420 ita
1670 1355 1761 1419 facile
1782 1353 1894 1417 intelli·

156 1473 247 1553 gitur,
282 1492 372 1556 quam
393 1482 598 1555 praepostere
616 1473 803 1555 judicaverit
824 1474 1003 1552 Firnbaber,
1039 1476 1091 1557 qui
1123 1473 1357 1554 discrepantiam
1385 1473 1466 1535 illam
1495 1473 1555 1536 nisi
1577 1474 1668 1554 plane
1689 1473 1832 1546 deletam,
1865 1476 1896 1533 at

157 1595 242 1651 certe
273 1589 347 1652 satis
378 1590 564 1652 imminutam
587 1589 730 1652 voluerit.
764 1592 844 1666 Quid
872 1595 953 1657 enim
976 1593 1051 1656 ilict
1083 1593 1200 1672 Nempe
1232 1588 1272 1652 ab
1300 1588 1434 1654 Admeto
1462 1607 1585 1654 omnem
1613 1597 1737 1653 amovet
1758 1587 1894 1668 culpam

154 1705 264 1786 ignaro
286 1703 417 1768 Admeto
438 1705 578 1769 Alcestin
608 1724 644 1769 se
666 1704 833 1771 devovisse
856 1709 967 1773 statuit.
1002 1709 1042 1772 At
1063 1725 1127 1771 uun
1148 1707 1258 1783 solum,
1287 1703 1319 1767 id
1342 1705 1424 1788 quod
1447 1724 1540 1787 supra
1550 1701 1577 1783 ⁸)
1607 1705 1894 1777 demonstravimus,

136 1838 208 1886 *res
230 1822 297 1902 ipsa
320 1840 356 1885 ac
378 1821 474 1886 verba
495 1829 607 1903 poetae
630 1820 702 1885 huic
723 1825 895 1889 sententiae
917 1826 1008 1906 plane
1029 1824 1236 1905 refragantur,
1268 1820 1325 1885 sed
1348 1822 1450 1895 etiam,
1479 1824 1507 1886 si
1535 1840 1587 1887 res
1609 1824 1651 1886 ita
1672 1829 1768 1898 esset,
1800 1825 1834 1884 ut
1854 1818 1896 1881 alt

155 1939 191 2001 v.
215 1938 269 2012 Ol,
293 1938 332 2002 de
353 1938 521 2002 Alcestidis
544 1938 691 2020 dignitate
715 1948 746 2003 et
767 1943 980 2022 generositate
1001 1943 1111 2004 mirum
1136 1947 1280 2022 quantum
1305 1937 1527 2003 detraheretur.
1558 1940 1620 2003 Fac
1643 1940 1735 2015 enim,
1757 1936 1895 2002 Alcestin

157 2058 235 2121 clam
257 2055 389 2120 Admeto
412 2056 449 2119 ad
474 2063 603 2118 mortem
626 2074 662 2118 se
686 2054 847 2119 obtulisse.
879 2057 967 2131 Quod
990 2058 1018 2121 si
1040 2058 1211 2129 statuimus,
1238 2055 1361 2120 Admeti
1392 2056 1481 2137 culpa
1503 2074 1614 2140 magna
1637 2076 1677 2120 ex
1698 2063 1785 2137 parte
1805 2052 1895 2117 dilui·

155 2181 222 2246 tur;
251 2189 354 2255 nequo
381 2173 463 2235 enim
491 2190 621 2234 uxorem
651 2170 689 2234 ad
712 2170 908 2236 devotionern
931 2174 1092 2255 impulisse
1114 2174 1244 2254 amplius
1266 2172 1417 2252 putandus
1440 2181 1497 2237 est.
1533 2173 1638 2256 ltaque
1659 2173 1784 2244 tollitur,
1817 2187 1896 2252 quac

156 2306 238 2352 nunc
260 2296 317 2362 est,
341 2289 471 2371 egregia
494 2287 545 2351 illa
567 2287 782 2368 discrepantia,
806 2306 885 2370 quae
907 2291 988 2352 inter
1009 2287 1176 2354 Alcestidis
1199 2286 1409 2351 fortitudinem
1432 2296 1462 2352 et
1483 2287 1606 2352 Admeti
1628 2289 1780 2371 ignaviam
1802 2287 1896 2350 inter·

157 2407 255 2480 cedit;
289 2407 414 2480 tollitur,
443 2413 476 2469 ut
498 2405 646 2487 lloeeblpi
668 2405 773 2470 verbis
795 2412 873 2482 utar,
906 2407 1071 2487 oppositio,
1103 2424 1163 2487 qua
1192 2404 1372 2467 idealismus
1402 2404 1570 2469 Alcestidis
1601 2412 1632 2468 et
1660 2402 1896 2468 materialismus

157 2523 280 2587 Admeti
302 2522 462 2604 praeclare
484 2523 565 2584 inter
586 2540 622 2585 se
645 2522 829 2602 discrepant.
852 2522 893 2585 At
913 2541 1016 2586 nonne
1040 2523 1095 2595 sio,
1120 2539 1247 2604 quaeso,
1270 2519 1434 2601 Euripides
1456 2523 1559 2585 vineta
1573 2540 1630 2585 sua
1644 2519 1766 2585 caedit?
1787 2520 1896 2584 Nonne

157 2641 198 2703 ita
219 2639 387 2703 Alcestidis
409 2655 544 2720 persona
565 2636 595 2699 id
618 2638 717 2718 ipsum
740 2639 855 2711 amittit,
878 2639 960 2701 unde
983 2639 1095 2702 eximia
1117 2639 1184 2700 laus
1208 2636 1247 2698 ad
1270 2634 1338 2699 eam
1358 2636 1532 2700 redundat?
1553 2669 1597 2681 -
1617 2638 1712 2701 lmmo
1735 2638 1782 2701 sic
1793 2637 1896 2718 potius

158 2755 198 2819 de
227 2763 290 2819 tota
317 2774 354 2818 re
382 2751 619 2817 existimandum
641 2758 698 2815 est.
731 2753 891 2832 Admetus,
921 2755 1029 2817 mortis
1058 2752 1224 2816 formidine
1250 2752 1392 2833 agitatus,
1421 2754 1611 2835 propinquos
1642 2771 1716 2817 suos
1749 2752 1896 2834 deinceps

158 2879 295 2953 rogarat,
322 2879 356 2934 ut
384 2888 440 2951 pro
463 2872 532 2951 ipso
556 2877 685 2933 mortem
709 2871 847 2945 obirent;
882 2870 949 2946 sed,
977 2871 1055 2952 prob
1085 2869 1191 2932 dolor!
1224 2866 1430 2951 nequidquam
1453 2876 1588 2952 rogarat.
1622 2871 1748 2935 Frustra
1770 2878 1896 2952 patrem,

158 2987 274 3051 frustra
297 2994 435 3063 matrem,
470 2984 584 3049 frustra
603 2994 726 3051 ceteros
748 2988 981 3070 imploraverat;
1014 2994 1182 3050 renuerant
1201 3002 1320 3050 omues.
1356 2984 1389 3048 lu
1423 2985 1534 3050 mediis
1562 2987 1609 3050 his
1641 3005 1747 3050 rerum
1769 2985 1896 3050 difficul-

157 3104 270 3168 tatibus
292 3103 386 3185 inquc
408 3102 535 3165 summis
566 3103 716 3182 angustiis
743 3102 781 3164 ad
810 3122 940 3167 uxorem
968 3121 1042 3167 sese
1072 3103 1224 3166 convertit
1250 3101 1343 3164 homo
1365 3101 1518 3174 misellus;
1550 3101 1589 3164 ab
1612 3120 1649 3165 ea
1671 3103 1754 3184 petit,
1784 3110 1816 3165 ul
1838 3102 1898 3165 sibi

159 3220 337 3303 opituletur;
367 3239 425 3283 nee
453 3218 505 3282 diu
528 3225 686 3283 cunctatur
708 3220 867 3299 praeclara
889 3221 1009 3293 mulier,
1042 3218 1100 3282 sed
1124 3219 1192 3301 ejus
1214 3217 1360 3299 precibus
1381 3216 1503 3298 prolixo
1526 3218 1628 3282 animo
1650 3218 1798 3301 indulget
1832 3219 1898 3292 Qua

158 3338 192 3400 iu
211 3355 248 3401 re
269 3354 332 3401 non
352 3339 380 3400 is
404 3355 481 3408 sum,
516 3337 570 3417 qui
592 3335 734 3410 diffitear,
768 3344 900 3416 poetam,
930 3355 1021 3418 quum
1051 3334 1173 3399 fabulae
1204 3333 1417 3400 oeconomiam
1443 3333 1485 3396 ita
1507 3334 1690 3418 institueret,
1713 3334 1753 3399 de
1774 3333 1899 3398 Admeti

160 3452 260 3535 gloria
289 3451 475 3516 mutumdem
498 3450 682 3528 detraxisse,
715 3461 859 3533 quantum
892 3452 931 3515 ad
961 3452 1128 3516 Alcestidis
1155 3448 1278 3515 laudem
1310 3448 1475 3523 addiderit;
1508 3452 1602 3516 immo
1628 3451 1737 3525 fateor,
1772 3450 1898 3532 siquis

159 3588 276 3633 meram
298 3567 488 3652 tragoediam
511 3566 551 3631 de
573 3567 731 3632 Alcestide
754 3569 955 3633 conscribere
977 3569 1061 3645 velit,
1092 3569 1121 3633 ei
1142 3567 1373 3643 Firubaberum
1388 3585 1461 3631 esse
1483 3568 1721 3642 consulendum
1750 3567 1832 3634 idem
1853 3576 1897 3631 ta·

160 3704 232 3749 men
254 3684 418 3759 contendo,
448 3693 482 3748 ut
503 3684 692 3767 Euripidem,
721 3704 815 3767 quum
843 3684 976 3750 fabulam
997 3704 1085 3750 suam
1108 3682 1331 3757 conscriberet,
1364 3682 1403 3747 de
1435 3684 1595 3766 tragoedia
1624 3684 1836 3765 componenda
1857 3700 1898 3748 ue

160 3805 318 3886 cogitasse
340 3801 463 3884 quidem
486 3809 615 3876 taceam,
643 3835 685 3845 —
714 3802 879 3878 contendo,
908 3803 1042 3885 iuquam,
1078 3802 1224 3865 eximium
1252 3799 1418 3864 Alcestidis
1441 3808 1566 3864 nostrae
1589 3800 1685 3866 decus
1707 3801 1779 3865 inde
1800 3800 1898 3877 nasci,

161 3919 243 4004 quod
266 3920 304 3984 ab
326 3918 458 3982 Admeto
481 3919 518 3982 ad
542 3919 736 3983 devotionem
759 3919 911 3994 incitetur,
939 3936 999 3980 nec
1028 3918 1107 3981 ultro
1131 3935 1198 3980 eam
1221 3916 1411 3998 polliceatur.
1447 3916 1549 3991 Quidt
1575 3917 1659 3999 quod
1681 3918 1739 3981 bac
1759 3919 1827 3999 ipsa
1848 3935 1897 3981 ru·

158 4038 243 4102 tione
265 4035 417 4101 muliebre
440 4036 507 4117 ejus
530 4036 688 4117 ingenium
710 4034 871 4117 praeclare
893 4034 1004 4097 elucet.
1026 4032 1088 4099 Sed
1111 4032 1150 4097 de
1171 4032 1228 4096 bac
1249 4052 1285 4096 re
1307 4033 1436 4097 strictim
1458 4051 1616 4114 exponere
1633 4036 1729 4115 Juvat.

263 4214 289 4282 1)
307 4218 336 4273 L.
354 4220 371 4272 l.
390 4232 416 4283 p.
436 4218 495 4270 371.
514 4219 573 4271 388.
601 4241 635 4251 -—
660 4210 686 4278 ²)
712 4216 782 4267 llaec
799 4225 920 4287 pugnare
938 4212 1064 4266 videntur
1084 4225 1143 4266 cum
1162 4211 1204 4276 lis,
1228 4223 1295 4276 qnae
1314 4211 1460 4277 disputavit
1477 4213 1718 4269 Raucbensteinius
1737 4227 1762 4279 p.
1780 4214 1806 4266 4.
1833 4212 1898 4266 Num

160 4301 184 4357 si
203 4313 295 4355 verum
313 4306 395 4368 asset,
414 4303 485 4367 quod
503 4301 600 4354 statuit
616 4302 645 4352 v.
666 4300 715 4365 cl,
734 4310 792 4353 eam
811 4299 937 4361 rabulam,
964 4299 992 4350 in
1011 4310 1064 4362 qna
1081 4298 1154 4350 inter
1171 4310 1201 4351 se
1220 4297 1401 4362 opponantur,
1427 4299 1472 4362 qui
1490 4300 1638 4362 idealismo,
1666 4301 1694 4354 et
1712 4301 1757 4366 qni
1774 4299 1898 4352 mabric-

38 4385 39 4388 ’
160 4389 238 4442 lismo
257 4387 426 4453 indulgeant,
444 4386 596 4440 necessario
616 4386 780 4438 comoediam
797 4396 857 4436 esse
875 4381 1033 4446 habendam,
1060 4383 1178 4435 Alcestin
1203 4380 1367 4435 comoediam
1388 4396 1447 4436 esse
1465 4386 1589 4450 protinus
1607 4385 1776 4450 largiremur,
1801 4385 1898 4450 quippe

39 4499 40 4502 κ
161 4486 228 4539 quae
248 4473 418 4536 oppositione
437 4473 488 4525 ista
505 4471 662 4535 neutiquam
682 4471 781 4524 careat.
809 4470 841 4520 At
864 4478 919 4519 non
938 4467 976 4519 ita
995 4467 1044 4519 est.
1072 4467 1163 4531 Neque
1181 4466 1261 4532 enim,
1288 4466 1312 4518 si
1337 4466 1396 4531 quis
1420 4469 1609 4523 materialismo
1634 4469 1758 4532 indulget
1782 4471 1831 4521 aut
1848 4468 1899 4521 sibi

40 4595 41 4616 r
160 4558 249 4612 suisve
269 4557 414 4608 commodis
433 4559 522 4610 cetera
541 4555 629 4608 omnia
648 4553 793 4619 postponit,
820 4552 912 4605 statim
939 4551 1040 4604 comica
1063 4563 1178 4616 persona
1202 4563 1261 4603 esse
1280 4551 1414 4613 putandus
1433 4554 1483 4607 est.
1512 4553 1574 4619 Nec,
1601 4554 1632 4604 ut
1654 4552 1710 4615 iam
1735 4564 1817 4617 supra
1835 4552 1898 4615 dixi,

161 4642 232 4708 quod
250 4641 417 4705 sublegelius
435 4642 487 4694 ait:
516 4640 580 4707 „bie
598 4640 754 4693 lromiscben
772 4638 908 4690 Personam
926 4637 987 4690 sind
1006 4637 1196 4700 ausgemacbte
1214 4635 1361 4699 Egoisten“
1380 4651 1395 4692 e
1413 4640 1549 4691 conuario
1567 4638 1606 4689 ita
1622 4637 1703 4700 valet,
1722 4638 1761 4703 ut,
1789 4639 1898 4702 quicun-

160 4738 213 4792 que
230 4727 298 4779 nlbtl
316 4724 368 4777 nisi
386 4736 416 4777 ae
434 4736 536 4788 suaque
555 4724 692 4777 commoda
710 4724 814 4789 curent,
842 4736 887 4777 eos
913 4735 1006 4777 omnes
1032 4725 1146 4777 comicas
1170 4734 1299 4789 personas
1324 4735 1383 4777 esse
1408 4723 1580 4776 statuendum
1597 4722 1642 4774 sit.
1673 4720 1741 4773 ilinc
1767 4721 1897 4786 sequitur,

160 4812 310 4877 Admetum,
336 4809 485 4875 Pheretem,
508 4808 658 4874 Herculem,
685 4810 767 4863 etiam
793 4810 816 4863 si
841 4810 1033 4863 materialismo
1052 4809 1220 4875 indulgeant,
1247 4811 1336 4862 tamen
1361 4819 1416 4862 non
1440 4807 1529 4861 statim
1548 4807 1662 4860 comicas
1680 4819 1740 4860 esse
1758 4817 1897 4871 personas.

162 4895 278 4959 Quodsi
296 4894 437 4962 concedas,
455 4895 571 4949 alterum
588 4894 655 4950 illud
673 4893 799 4962 efficitur,
818 4906 868 4949 nec
886 4895 971 4959 ipsam
988 4895 1107 4949 fabulam
1125 4895 1290 4953 comoediam
1308 4906 1369 4949 esse
1386 4892 1544 4948 babendum.
1565 4918 1600 4931 ·-
1626 4888 1651 4960 ⁸)
1669 4893 1731 4957 cap.
1749 4892 1791 4945 111.
1809 4892 1836 4954 §.
1854 4894 1896 4946 to.
