4250 5442
1105 259 1344 333 ...9-

295 496 300 507 -
353 457 537 537 argumento
566 466 675 534 parurn
703 450 810 518 tribuit
830 450 970 535 Wagner
980 446 1014 528 ¹).
1049 484 1088 499 -
1119 450 1263 517 ceterum
1292 452 1330 517 ad
1359 451 1439 517 hanc
1467 449 1507 516 de
1535 450 1746 535 protagonista
1776 451 1988 535 quaestionem

240 634 244 653 ,
355 564 599 645 revertemur¹).

480 706 510 791 ἓ.
535 704 585 773 19.
608 707 670 775 Sed
691 707 817 793 longius
840 708 930 773 etism
953 707 1103 794 progredi
1124 709 1206 775 licet.
1240 707 1308 773 Non
1331 709 1431 775 solum
1454 727 1558 775 mores
1581 707 1714 783 Admeti,
1743 707 1800 772 sed
1823 708 1913 773 etiam
1935 714 1998 772 tota

353 828 445 893 dulae
467 829 690 902 oeconomiam,
719 827 813 910 inque
841 828 950 911 primis
972 828 1208 912 catastropham,
1239 825 1339 910 qualis
1371 845 1452 892 nunc
1475 833 1531 902 est,
1562 825 1733 892 Aristotele
1757 823 1863 907 judice
1891 844 1909 888 a
1937 831 1983 888 tra

354 946 484 1009 adenem
511 960 586 1009 esse
614 944 697 1008 omni
727 945 861 1028 pignore
890 943 1115 1009 contendimus.
1156 946 1266 1030 Neque
1289 942 1503 1024 eniminum,
1537 959 1615 1027 quos
1645 960 1738 1025 supra
1767 940 1909 1014 diximus,
1939 958 2006 1022 pra

353 1061 465 1127 ditibus
489 1061 626 1125 misellus
649 1060 742 1124 homo
764 1077 838 1125 sese
861 1061 1024 1136 continuit;
1047 1079 1111 1126 ncn
1132 1062 1288 1146 acquievit
1309 1063 1340 1126 in
1363 1061 1495 1145 simplici
1516 1058 1574 1125 lrac
1596 1060 1694 1142 culpe,
1718 1077 1797 1142 quae
1819 1058 1850 1121 in
1872 1057 2007 1141 ignaria

354 1181 437 1243 mine
460 1179 609 1243 cernitur:
644 1177 739 1242 immo
761 1195 886 1256 vereor,
920 1197 961 1243 ne
983 1178 1137 1255 vitiorum,
1172 1177 1283 1263 quibus
1304 1178 1456 1244 Admetus
1479 1177 1712 1250 conaminatur,
1749 1174 1908 1257 catalogus
1930 1173 2002 1238 iacil

355 1295 465 1378 augeri
487 1294 594 1376 possit.
617 1293 749 1375 insuper
771 1294 852 1358 enim
875 1292 966 1366 addit,
990 1295 1019 1357 id
1044 1294 1126 1378 quod
1150 1295 1367 1378 gravissimum
1391 1303 1447 1369 est,
1472 1297 1590 1359 crimen
1612 1293 1790 1375 impietatis:
1821 1299 1939 1373 patrem
1960 1310 2011 1373 pe

355 1417 472 1484 tractat,
495 1417 641 1492 parentes
665 1417 855 1483 exsecratur,
879 1417 910 1474 et
932 1428 1012 1494 quae
1034 1411 1093 1474 alia
1115 1418 1196 1474 sunt.
1219 1411 1287 1476 llan
1311 1429 1406 1490 musa,
1428 1419 1461 1476 ιιι
1484 1412 1525 1475 ait
1545 1408 1727 1475 Wielandus
1735 1405 1771 1487 ⁸),
1795 1409 1862 1473 eins
1885 1427 1946 1473 von
1968 1408 2005 1472 B·

355 1529 405 1593 sm
427 1527 658 1592 nnnatttrliclrer
678 1527 854 1592 Bttsewicht
876 1527 954 1592 oder
976 1528 1027 1592 ein
1050 1527 1243 1593 Wdthender
1265 1529 1343 1603 sein,
1374 1546 1425 1592 um
1453 1529 1521 1592 sich
1549 1545 1653 1611 gegen
1682 1525 1773 1590 einen
1801 1524 1894 1590 Vater
1924 1527 1956 1589 in
1978 1525 2008 1589 di

355 1645 456 1711 dirade
489 1662 664 1727 uergessen
695 1663 734 1708 zu
763 1644 896 1709 konnen.
937 1645 1044 1729 ltaque
1074 1648 1175 1723 κακὸς
1202 1646 1255 1709 iile
1290 1652 1339 1708 est
1371 1652 1403 1708 et
1430 1646 1615 1732 μοχθηρός.
1643 1676 1686 1688 -
1712 1642 1767 1707 iiis
1796 1643 1891 1726 igitur
1918 1660 2014 1725 prae

353 1761 554 1827 Aristotelem
579 1760 747 1826 audiamus.
781 1761 894 1825 Poetae
916 1762 1046 1845 tragico,
1075 1763 1183 1846 inquit,
1215 1761 1385 1827 cavendum
1408 1769 1465 1834 est,
1494 1780 1536 1826 ιιε
1563 1760 1718 1825 hominem
1747 1778 1879 1843 nequam
1912 1767 1943 1825 et
1968 1780 2015 1843 pr

355 1877 518 1942 adversum
541 1876 694 1941 iortunam
716 1896 786 1941 cunr
808 1877 945 1942 secunda
968 1887 1203 1944 commutantem
1226 1878 1334 1952 ιιείειι
1369 1876 1452 1960 quod
1474 1878 1502 1941 si
1524 1878 1564 1951 tit,
1595 1875 1786 1958 catastropha
1808 1874 1940 1941 habetur
1962 1893 2010 1940 cm

355 1994 482 2059 minime
502 1989 664 2077 tragica‘).
686 1995 754 2057 Jam
777 2012 852 2059 vero
875 1994 1026 2059 Admetus
1048 1997 1080 2058 in
1103 1995 1164 2059 tine
1186 1995 1308 2060 fabulae
1332 2012 1372 2058 ex
1392 1993 1510 2057 inielici
1533 1992 1608 2056 iclix
1624 1992 1740 2067 eradit3
1763 1991 1845 2056 idem
1867 1991 1960 2056 homo
1983 2010 2001 2074 p

355 2119 403 2175 est
426 2121 458 2175 et
479 2129 627 2194 nequam;
652 2128 729 2192 ergo
753 2110 920 2175 Alcestidis
943 2112 1136 2194 catastropha
1159 2113 1283 2177 minime
1305 2112 1422 2195 tragica
1446 2117 1503 2184 est,
1532 2129 1549 2173 a
1577 2109 1801 2192 tragoediaque
1823 2109 1919 2192 longe
1941 2108 2020 2174 abit

357 2262 395 2276 -
419 2228 529 2312 iisque
551 2229 582 2292 id
604 2229 794 2312 Wagnerum
819 2246 948 2310 prorsus
970 2227 1090 2293 fefellit.
1120 2230 1318 2313 Agnoscet
1340 2228 1421 2304 ille,
1444 2223 1586 2310 inquit⁸),
1610 2244 1734 2291 mores
1756 2225 1901 2290 Admeti
1923 2235 2029 2324 trag

357 2352 548 2427 exparte,
585 2344 692 2409 modo
729 2351 912 2427 sequatur
948 2347 1057 2409 etiam
1084 2345 1177 2409 hanc
1205 2346 1395 2431 ἁμαρτίαν
1428 2343 1595 2407 miseria.
1632 2342 1674 2406 At
1701 2360 1763 2405 non
1793 2343 1950 2426 sequitur;
1993 2333 2030 2418 rt!

231 2509 233 2513 .
357 2463 482 2525 minime
503 2461 614 2542 tragici
637 2467 716 2523 sunt.
757 2461 901 2524 ceterum
924 2460 964 2523 de
986 2460 1137 2544 Wagneri
1159 2463 1318 2536 sententia,
1349 2480 1409 2544 qua
1434 2461 1573 2525 Alcestin
1596 2459 1633 2523 sd
1656 2460 1688 2523 id
1710 2458 1881 2523 fabularum
1904 2477 2004 2542 genus
2027 2449 2029 2474 '

357 2577 458 2640 tinere
480 2583 598 2652 censet,
622 2573 705 2658 quod
727 2582 882 2638 nostrates
905 2575 1030 2639 drama
1052 2572 1125 2641 κατ’
1144 2574 1259 2660 ἐξοχὴν
1282 2578 1424 2653 dixerint,
1448 2579 1507 2660 iam
1531 2573 1659 2659 supra⁸)
1682 2576 2001 2641 commemoravimus.

483 2711 513 2796 ς.
536 2712 588 2777 20.
619 2714 653 2778 ln
675 2713 928 2778 antecedentibus
951 2715 1045 2799 igitur
1069 2716 1280 2782 demonstravi
1301 2719 1440 2783 Alcestin
1462 2717 1605 2791 tabulam,
1640 2716 1667 2778 si
1695 2733 1735 2779 ex
1762 2714 1887 2798 legibus
1908 2716 2027 2780 Aristo·

356 2850 409 2897 res
428 2832 594 2914 judicetur,
617 2831 701 2894 nullo
722 2839 812 2912 pacto
835 2831 1027 2913 tragoediam
1050 2833 1283 2898 existimandam
1297 2853 1380 2900 esse.
1404 2835 1530 2897 mealia
1553 2833 1644 2915 hujus
1668 2832 1860 2914 quaestionis
1883 2832 2029 2916 dijudica

357 2949 477 3012 ratione
499 2955 569 3029 post
590 2946 773 3011 videbimus.
803 2947 889 3010 Nunc
919 2950 992 3013 satis
1023 2949 1173 3015 labemus
1204 2952 1287 3015 velut
1313 2970 1371 3033 per
1398 2949 1630 3033 appendiculam
1654 2966 1691 3012 ea
1712 2947 1852 3012 breviter
1872 2950 2023 3031 perstrin

358 3083 437 3147 quae
471 3063 510 3127 de
545 3063 675 3127 consilio
707 3071 819 3145 poetae
853 3063 954 3147 deque
987 3068 1120 3151 prologo
1151 3068 1315 3149 disputavit
1335 3067 1484 3150 Wagner.
1517 3065 1583 3129 Nec
1604 3066 1645 3129 ita
1667 3063 1817 3128 absonum
1840 3070 1897 3137 est,
1932 3054 2032 3147 quod

356 3181 492 3263 spicatur
514 3180 548 3244 V.
572 3180 608 3243 D.
618 3177 653 3255 '),
683 3180 823 3245 Alcestin
846 3201 885 3246 εο
913 3183 1043 3248 consilio
1067 3183 1106 3247 ab
1134 3185 1281 3266 Euripide
1309 3186 1514 3266 conscriptam
1538 3200 1621 3255 esse,
1655 3188 1688 3244 ut
1717 3181 1879 3244 mulierum
1910 3180 2032 3244 Graeca:

356 3298 486 3381 gratiam
507 3297 662 3361 immerito
685 3300 828 3362 amissam
852 3299 911 3362 sibi
933 3301 1164 3376 reconciliaret;
1198 3319 1278 3375 uam,
1310 3301 1392 3384 quod
1425 3302 1456 3363 in
1481 3298 1582 3363 medio
1604 3296 1751 3382 relinquit
1771 3296 1920 3379 Wagner,
1951 3294 1981 3357 id
2003 3296 2032 3358 tn

356 3424 474 3479 certum
498 3421 599 3478 estet
622 3416 822 3496 exploratum,
851 3416 973 3480 leminis
996 3417 1118 3495 Atticis,
1147 3420 1285 3500 exceptis
1316 3425 1418 3481 tamen
1441 3415 1623 3499 virginibus,
1656 3414 1714 3478 nisi
1737 3412 1926 3487 comoedias,
1960 3421 1990 3476 at
2011 3433 2028 3478 c

355 3530 534 3615 tragoedias
556 3539 700 3612 spectare
722 3529 894 3608 licuisset).
926 3533 987 3598 Sed
1010 3535 1104 3598 missa
1127 3535 1204 3599 haec
1226 3535 1332 3598 iacere
1354 3541 1498 3616 praestat,
1522 3531 1665 3616 quoniam
1690 3548 1775 3595 mera
1798 3531 1975 3612 conjectura
1998 3532 2029 3594 ni

357 3656 416 3713 tur.
439 3683 478 3692 -
503 3648 591 3722 Quod
614 3648 748 3731 denique
771 3648 808 3713 ad
831 3651 995 3734 prologum
1018 3651 1185 3717 Alcestidis
1208 3651 1322 3727 attinet,
1345 3650 1484 3732 apprime
1506 3648 1652 3712 idoneum
1675 3666 1744 3711 eum
1762 3655 1869 3711 censet
1879 3642 1914 3723 ⁹),
1938 3649 2030 3730 quia

357 3776 457 3830 torum
480 3766 742 3848 exspectationem
765 3768 882 3849 erigam
918 3767 1011 3852 idque
1042 3767 1115 3831 iude
1137 3768 1216 3840 fieri,
1251 3765 1333 3849 quod
1362 3766 1477 3849 dialogi
1508 3764 1616 3841 torma,
1651 3765 1682 3827 in
1711 3782 1801 3846 quam
1830 3763 1975 3828 redactus
1997 3764 2032 3828 sit

356 3881 538 3965 tragoediae
560 3882 659 3947 icrma
681 3885 808 3966 propius
831 3885 926 3959 absit3
958 3885 1040 3968 quod
1070 3904 1147 3949 vero
1170 3885 1282 3949 Orcum
1305 3882 1510 3947 introduxerit
1531 3889 1633 3964 poeta,
1664 3897 1752 3944 meru
1779 3880 1912 3943 novandi
1943 3879 2032 3946 studit

358 4001 469 4065 iactum
492 4018 575 4065 esse.
598 4001 684 4076 Quae
707 4003 808 4065 omnia
830 4011 862 4065 ut
883 4003 1061 4085 largiamur,
1085 4011 1188 4066 tamen
1210 4002 1291 4067 allud
1315 4003 1388 4086 quid
1409 3989 1549 4085 neglexit
1571 4000 1606 4063 V.
1630 4000 1676 4074 1),
1701 3999 1793 4083 quod,
1817 3999 1897 4082 apud
1919 4000 2032 4080 Euripo

356 4118 549 4200 praesertim,
573 4117 676 4199 magni
699 4119 844 4181 momenti
868 4126 924 4194 est,
948 4119 1161 4200 quaestionem
1185 4118 1272 4182 dico:
1296 4128 1397 4183 utrum
1419 4118 1586 4183 Alcestidis
1609 4116 1759 4201 prologus
1782 4117 1809 4181 is
1832 4118 1880 4194 sit,
1903 4117 2033 4198 quispe

356 4244 441 4301 tores
464 4235 504 4300 de
526 4234 649 4299 tabulae
672 4242 783 4298 eventu
806 4237 957 4299 certiores
981 4234 1082 4308 iaciat,
1105 4254 1165 4300 nec
1186 4234 1249 4300 nel
1279 4236 1363 4301 llaec
1386 4243 1485 4300 autem
1509 4236 1650 4319 quaestio
1673 4254 1742 4298 cum
1756 4234 1851 4299 altera
1869 4234 1918 4296 illa
1933 4233 2030 4298 cohae

356 4370 427 4417 num
451 4351 629 4428 resumsit,
659 4350 742 4434 quod
765 4369 989 4433 saepenumero
1012 4360 1192 4428 statuerunt,
1218 4354 1250 4417 in
1280 4354 1420 4436 prologis
1451 4352 1626 4434 Euripidcis
1649 4360 1792 4417 eventum
1814 4348 1952 4432 praedici
1974 4352 2032 4416 soli

460 4630 485 4698 1)
502 4632 532 4689 I..
551 4635 568 4687 l.
588 4646 615 4698 p.
634 4635 659 4687 a.
677 4659 711 4669 -
728 4627 753 4699 θ)
773 4631 837 4697 cap.
855 4632 896 4687 ili.
915 4633 941 4696 5.
960 4635 993 4688 23
1012 4647 1069 4702 sqq.
1088 4662 1122 4671 -
1140 4630 1166 4700 ³)
1183 4635 1304 4691 sdmmti.
1327 4637 1424 4690 wertse
1443 4636 1518 4699 (nov.
1538 4634 1627 4698 edit).
1647 4635 1719 4688 ium.
1738 4635 1780 4689 35.
1798 4648 1824 4700 p.
1846 4635 1903 4690 163.
1928 4663 1962 4673 -
1979 4632 2032 4701 ‘ll

354 4752 379 4794 c.
401 4737 447 4791 rt:
474 4761 508 4773 -
525 4762 559 4775 -
587 4715 663 4787 oter
683 4723 762 4796 τοὺς
782 4721 978 4803 μοχθηροὺς
999 4718 1033 4799 ἐξ
1055 4720 1190 4798 ἀτυχίας
1213 4721 1259 4798 εἰς
1281 4720 1439 4800 εὐτυχίαν·
1470 4716 1799 4803 ἅτραγῳδότατον
1819 4720 1882 4804 γὰρ
1904 4725 2032 4787 corirdr

356 4811 498 4874 πάντων.
531 4849 566 4858 -
591 4818 618 4886 ι)
636 4821 664 4876 1..
682 4821 701 4875 l.
727 4833 754 4885 ιι.
774 4823 806 4875 10
823 4831 897 4884 supr.
923 4846 958 4856 -
984 4815 1010 4884 l)
1028 4819 1093 4884 cap.
1110 4821 1130 4873 i.
1158 4820 1184 4884 §-
1205 4821 1230 4874 7.
1257 4848 1291 4858 -
1319 4818 1391 4884 ’)Ι..
1410 4823 1429 4875 l.
1457 4834 1484 4885 ιι.
1504 4823 1534 4875 11
1554 4821 1623 4877 med.
1651 4846 1685 4858 -
1710 4815 1737 4885 8)
1764 4820 1805 4877 ct.
1823 4821 1933 4887 Becker,
1957 4819 2032 4874 chart

356 4907 444 4972 (prior
461 4904 547 4974 edit).
567 4907 639 4960 lom.
659 4908 684 4959 2.
702 4917 728 4971 ιι.
748 4907 799 4963 tto
817 4917 891 4972 seqq.
911 4917 1033 4972 quaeque
1050 4905 1150 4960 ibidem
1167 4905 1269 4960 attulit.
1289 4933 1321 4943 -—
1341 4901 1366 4973 ⁹)
1383 4904 1412 4959 L.
1431 4906 1449 4959 i.
1469 4918 1495 4970 ιι.
1516 4907 1547 4960 te
1565 4906 1635 4961 med.

1783 4994 1804 5056 2
