4250 5442
1106 242 1344 317 *11-

353 439 538 526 progressio
560 458 685 524 quoquo
709 438 800 505 modo
823 441 1024 522 explicantur.
1047 440 1153 515 lmmo,
1176 440 1204 504 si
1226 458 1301 505 vera
1323 447 1402 514 sunt,
1426 457 1506 523 quae
1527 434 1757 520 disputavimus,
1780 435 1819 502 ad
1838 443 1978 521 martum

354 561 487 643 pertinet
507 560 570 636 ille,
593 557 746 642 siquidem
769 576 831 621 non
853 558 952 621 solum
975 555 1014 620 de
1037 557 1133 622 rebus
1155 558 1331 639 praeteritis
1352 558 1544 639 actionisque
1567 571 1749 638 progressu,
1772 554 1828 619 sed
1852 556 1943 619 etiam
1966 553 1999 617 d:

355 677 548 758 mtastrnpha
570 676 722 740 certiores
744 691 803 738 nos
826 673 907 738 iacit.
935 674 1001 737 lloc
1023 675 1123 755 ipsum
1146 681 1247 738 autem
1270 673 1472 756 prologorum
1494 690 1594 756 genus
1617 672 1741 736 omnino
1757 672 1881 736 minime
1897 672 1993 737 artiiie

354 802 448 876 atque
470 793 668 857 deterrimum
692 811 765 857 esse
788 793 840 855 vix
862 789 1014 873 estquod
1038 789 1189 872 explicem
1213 797 1244 853 et
1264 790 1478 873 unusquisque
1499 788 1591 854 facile
1615 788 1706 853 sidet.
1738 790 1881 855 Ceterum
1912 790 1950 855 ad
1978 809 1996 854 a

357 914 452 974 ricam
474 909 566 993 hujus
588 909 711 992 prologi
733 909 794 972 vim
817 916 848 972 et
869 914 1052 989 postetatem
1075 905 1155 970 infra
1165 902 1190 982 ¹)
1211 904 1392 970 redibimus.

485 1026 570 1090 llaec
591 1024 693 1098 habui,
717 1043 797 1107 quae
819 1023 858 1088 de
873 1025 1021 1105 Wagneri
1044 1023 1205 1088 sententiis
1228 1021 1384 1100 dicerem3
1406 1022 1610 1106 vidimusque,
1632 1025 1665 1087 ni
1688 1023 1787 1097 iallnr,
1805 1023 1973 1088 Aristotele
2003 1058 2005 1061 >

359 1161 429 1207 cum
445 1158 549 1207 mores
567 1140 691 1206 Admeti
712 1149 774 1205 tum
798 1143 1012 1206 oeconomiam
1035 1140 1157 1205 fabulae
1180 1148 1212 1205 et
1231 1142 1330 1222 ipsam
1354 1140 1577 1223 catastropham
1599 1159 1618 1205 a
1639 1139 1799 1224 tragoedia
1815 1158 1888 1205 esse
1901 1140 2004 1203 alieni

360 1258 424 1322 llae
446 1259 539 1342 igitur
561 1276 655 1323 causa
676 1257 813 1323 defuncti
831 1260 895 1340 jam
917 1257 957 1321 de
979 1255 1147 1321 Alcestidis
1176 1262 1284 1320 natura
1307 1262 1338 1319 et
1358 1252 1462 1321 indole
1484 1257 1585 1338 paullo
1608 1257 1780 1324 accuratius
1803 1275 1997 1341 quaeramus.

1089 1514 1379 1525 Ἣ

1022 1707 1187 1814 caput
1217 1709 1443 1795 tertium

361 1896 421 1970 De
442 1894 640 1971 Alcestidis
656 1893 875 1991 Euripideae
899 1892 1030 1967 indole.
1059 1936 1104 1946 —
1129 1892 1190 1967 Ad
1215 1894 1311 1991 quod
1336 1894 1535 1970 dramatum
1551 1918 1667 1991 genus
1687 1896 1879 1994 pertineat,
1907 1917 2000 1993 quae

489 2091 520 2175 ἕ.
543 2091 595 2156 22.
618 2093 652 2156 ln
674 2092 855 2176 quaestione
877 2088 917 2154 de
940 2090 1066 2172 propria
1088 2089 1255 2154 Alcestidis
1277 2088 1463 2172 Euripideae
1484 2089 1589 2156 indole
1610 2091 1796 2157 instituenda
1819 2092 1898 2158 duae
1913 2094 2010 2174 potiss

362 2210 543 2286 sententiae,
568 2218 599 2274 et
621 2228 679 2274 eae
701 2208 942 2284 diversissimae,
965 2207 1083 2288 respici
1105 2205 1278 2271 debebunt:
1299 2206 1447 2289 Koechlyi
1470 2214 1501 2270 et
1522 2209 1719 2286 Firnhaberi3
1742 2211 1857 2294 quiite
1879 2211 1961 2273 inter
1983 2227 2020 2273 se

364 2326 508 2400 sentiunt,
531 2332 565 2389 ut
585 2326 760 2409 Koechlpus
782 2325 814 2389 in
836 2323 1054 2389 dissertatione
1077 2341 1144 2396 sna,
1168 2340 1259 2406 qnam
1282 2321 1321 2385 de
1334 2322 1494 2388 Alcestide
1517 2327 1711 2408 conscripsit,
1733 2327 1799 2392 sale
1822 2335 1853 2391 et
1874 2325 1994 2390 iacebis

292 2449 296 2453 “
363 2444 552 2506 stantissima
572 2461 680 2523 puram
702 2449 806 2523 putam
828 2440 897 2505 fere
911 2437 1104 2503 comoediam
1117 2445 1274 2520 agnoscat,
1297 2438 1489 2504 Firnhabero
1512 2451 1617 2507 contra
1635 2443 1742 2526 judice
1765 2442 1875 2508 eadem
1897 2441 1999 2506 fabula

367 2559 395 2621 si
417 2557 476 2622 diis
497 2558 607 2640 placet,
640 2557 801 2641 tragoedia
823 2559 871 2631 sit,
903 2574 982 2640 qnae
1004 2555 1121 2619 normis
1143 2553 1329 2637 legibusque
1350 2556 1538 2622 Aristoteliis
1561 2560 1651 2642 plane
1672 2559 1870 2642 respondeat.
1904 2558 2023 2622 Alteri

367 2673 405 2737 ad
435 2674 615 2739 cothurnum
645 2675 758 2751 evexit,
792 2674 869 2738 alter
897 2671 935 2738 ad
964 2689 1091 2736 soccum
1122 2670 1253 2735 detrusit
1281 2670 1424 2737 fabulam.
1456 2675 1502 2739 Eu
1536 2678 1694 2760 singulare
1722 2677 1873 2742 humanae
1902 2675 2025 2741 dissens

367 2791 537 2872 specimen,
567 2792 617 2855 cui
638 2792 739 2856 simile
762 2798 810 2856 est
831 2788 916 2863 illud,
950 2786 1032 2872 quod
1054 2787 1176 2852 Rhesus
1198 2786 1373 2870 Euripiden,
1405 2808 1484 2872 quae
1507 2791 1628 2870 dicitur,
1657 2793 1796 2875 praebet,
1826 2811 1916 2877 qnam
1939 2791 1978 2856 ob
2002 2802 2029 2854 st

366 2907 465 2970 larem
494 2907 660 2987 nequitiam
687 2907 720 2969 in
748 2902 1028 2970 Alexandrinorum
1058 2910 1189 2967 aetatem
1220 2901 1351 2968 detrusit
1372 2905 1575 2988 Hermannus,
1607 2917 1734 2992 propter
1763 2929 1864 2974 raram
1893 2915 2028 2992 praesta

368 3021 513 3102 Sophocli
535 3021 703 3104 assignavit
726 3021 888 3104 Gruppius.
924 3022 989 3095 Qua
1015 3020 1047 3082 in
1077 3037 1113 3083 re
1141 3018 1273 3082 animum
1296 3019 1377 3085 subit
1397 3024 1573 3090 tristissima
1595 3028 1752 3108 cogitatio,
1783 3046 1874 3111 quarn
1897 3027 1990 3090 arctis
2021 3052 2025 3080 ι

368 3155 442 3202 num
463 3137 666 3220 intelligentia
693 3138 840 3203 cancellis
863 3136 1166 3218 circumscriptori,
1197 3153 1259 3217 quo
1281 3155 1509 3221 saepenumero
1531 3142 1573 3220 ht,
1604 3151 1637 3207 ut
1662 3145 1803 3227 proxima
1830 3161 1973 3228 quaeque
2002 3160 2034 3206 ο·

368 3261 496 3319 nostros
517 3253 631 3320 iallant
653 3255 729 3320 Nam
751 3255 823 3320 vide
845 3256 900 3331 sis,
924 3254 1023 3337 qualis
1044 3254 1085 3316 sit
1106 3270 1212 3317 rerum
1233 3261 1339 3318 status.
1363 3255 1446 3321 Duas
1468 3259 1606 3342 integras
1623 3268 1763 3324 veterum
1786 3258 1905 3323 labnlas
1924 3260 1955 3323 in
1970 3276 2017 3321 ma

368 3371 538 3444 habemuss
571 3379 680 3436 neutra
711 3371 836 3438 disertis
866 3379 1007 3436 aeterum
1034 3370 1219 3434 testimoniis
1242 3378 1337 3448 caret,
1368 3372 1450 3439 unde
1483 3373 1523 3439 de
1553 3384 1679 3442 auctore
1707 3386 1758 3443 ant
1786 3378 1826 3442 de
1853 3377 1959 3442 indole
1987 3355 2039 3441 fad

369 3489 485 3553 certior
506 3487 577 3552 heri
598 3490 716 3570 possis:
749 3490 837 3554 testis
868 3497 916 3554 est
942 3496 1050 3553 auctor
1079 3486 1253 3569 argumenti
1278 3487 1413 3552 Rhesum
1435 3490 1473 3553 ab
1495 3491 1643 3576 Euripide
1665 3496 1870 3576 conscriptam
1893 3513 1981 3558 esse:
2017 3513 2037 3577 q

371 3603 453 3686 quod
475 3603 514 3669 ad
542 3603 726 3670 didascalias
747 3612 909 3688 provocat;
942 3605 1031 3669 testis
1064 3612 1112 3668 ast
1143 3603 1285 3669 scholion
1312 3605 1490 3673 Vaticanum
1519 3612 1658 3677 Alcestin
1689 3621 1797 3698 quarto
1827 3613 2010 3695 tetralogiae

371 3728 470 3785 aman
491 3738 574 3800 esse,
595 3721 679 3787 uude
700 3740 781 3787 nova
801 3730 895 3805 utque
916 3720 1041 3786 vixdum
1063 3727 1185 3802 sperata
1207 3719 1261 3783 lux
1283 3722 1338 3786 toti
1358 3725 1406 3788 rei
1428 3725 1564 3791 affertur.
1587 3729 1690 3794 Nihilo
1707 3731 1811 3795 secius
1826 3764 1865 3776 ·-
1884 3750 1922 3796 ac
1942 3731 2039 3794 nescia

364 3837 491 3903 inhalas
512 3840 609 3904 aniles
631 3841 743 3923 potius,
774 3859 865 3925 quam
891 3858 968 3905 vera
996 3857 1125 3903 narrare
1147 3838 1254 3903 videar
1283 3872 1321 3884 -
1350 3840 1584 3922 nihilosecius,
1613 3847 1748 3929 inquam,
1771 3848 1871 3912 critici
1892 3846 2036 3929 ambigun

370 3954 529 4038 ambigunt
549 3974 612 4021 non
635 3956 792 4023 derebus
816 3957 949 4030 minutis,
979 3973 1042 4019 non
1069 3953 1110 4018 de
1135 3973 1197 4017 una
1219 3956 1318 4021 aliave
1341 3956 1463 4023 fabulae
1485 3969 1573 4042 parte
1595 3971 1646 4026 aut
1667 3982 1811 4046 persona,
1844 3963 1900 4028 sed
1924 3963 1963 4027 de
1986 3979 2022 4025 ea

371 4071 563 4154 quaestione,
586 4074 618 4136 in
640 4092 699 4156 qua
721 4091 816 4138 causa
837 4080 900 4137 tots
921 4072 1064 4135 vertitur:
1098 4071 1131 4132 iu
1151 4071 1264 4144 Rheso,
1287 4072 1428 4154 primum,
1452 4078 1521 4158 quis
1544 4087 1652 4142 auctor
1673 4080 1735 4145 siti
1770 4081 1893 4157 deinde,
1921 4087 2023 4142 utrum

372 4189 464 4255 mium
487 4204 567 4271 opus
587 4189 728 4255 habenda
750 4191 798 4263 sit,
834 4207 873 4252 an
902 4188 964 4251 vile
994 4187 1096 4269 potius
1127 4193 1158 4251 ct
1179 4191 1331 4270 nequam?
1363 4191 1395 4253 iu
1417 4190 1585 4272 Alcestide‚
1616 4197 1713 4279 qualis
1741 4200 1780 4262 sit
1803 4196 1927 4261 tabula?
1960 4193 2038 4279 quod

371 4322 473 4388 genus
494 4304 668 4388 pertinenti
689 4323 802 4369 numne
825 4304 1016 4377 cothurnum,
1039 4304 1068 4366 si
1090 4302 1148 4366 diis
1170 4304 1280 4386 placet,
1303 4323 1343 4368 an
1365 4323 1491 4372 soccum
1513 4310 1677 4376 redolenti
1706 4314 1849 4378 Proiecto
1872 4311 1931 4375 bae
1954 4312 2036 4375 simil

372 4424 614 4497 controversiae,
637 4424 665 4487 si
687 4422 762 4506 quid
784 4421 875 4497 aliud,
904 4422 943 4486 de
966 4422 1058 4485 animi
1079 4423 1177 4486 nostri
1198 4422 1406 4488 imbecillitate
1428 4444 1486 4491 nos
1510 4427 1689 4505 admonent3
1720 4431 1892 4506 sumtibus,
1921 4438 1956 4493 ut
1976 4429 2038 4493 luc·

371 4538 478 4603 serbis
499 4534 609 4616 utar²),
642 4538 681 4604 ad
710 4539 887 4603 criticorum
913 4538 1039 4620 spiritus
1067 4539 1283 4620 reprimendos
1304 4542 1453 4623 imprimis
1475 4552 1574 4626 aptae,
1609 4546 1800 4630 eaedemque
1822 4564 1881 4611 nos
1904 4554 2038 4620 monent,

477 4810 502 4877 1)
520 4815 582 4879 cap.
600 4818 641 4871 lv.
659 4819 684 4881 §.
702 4820 749 4871 ttot
764 4844 798 4855 -
815 4813 842 4881 ⁹)
860 4818 945 4870 verm.
966 4817 1055 4873 schrr.
1076 4821 1103 4873 l.
1121 4822 1147 4874 5.
1166 4832 1192 4883 p.
1211 4821 1275 4885 ²3⁰3
1302 4820 1348 4874 ubl
1366 4821 1400 4875 de
1417 4824 1556 4886 prooemio
1574 4824 1628 4877 isto
1646 4826 1814 4883 conclamato
1833 4827 1933 4883 satirae
1952 4825 2036 4878 Horat

373 4897 436 4951 libri
452 4900 471 4953 1.
489 4900 608 4955 decimae
625 4901 744 4968 praefluo
762 4903 903 4967 ingeniose
922 4902 1050 4967 disputat.

1778 5001 1823 5068 2*
